3252 5108
661 343 871 406 ,71-

409 512 547 578 Polybius.
992 513 1135 562 Diodorus.

246 615 312 676 τοῖ(
339 615 377 676 οὲ
407 616 480 691 περὶ
501 613 559 677 τὸν
588 613 689 677 Μάθω
705 615 756 677 καὶ
825 616 874 678 διὸ
898 615 949 677 καὶ
969 616 1037 677 τοῑ(
1064 612 1255 677 ἀποττάται(
1278 612 1338 690 οὐχ

203 712 358 778 (πένδιον
381 713 441 791 οὐχ
462 713 559 790 ἦττον
574 717 755 792 πολιορκεῖ-
782 716 879 793 ἦττον
904 716 1140 791 πολιορκεῖτθαι
1156 714 1338 793 (υνέβαινεν

203 820 271 878 (θαι
287 813 469 894 (υνέβαινεν
485 815 712 893 ἢπολιορκεῖν.
783 818 802 894 ἢ
819 818 1014 893 πολιορκεῖν.

244 915 278 979 ἐν
295 913 344 978 οἷ(
352 919 473 993 καιροί(
486 916 599 995 (υνέβη
613 919 682 979 ταῖ(
699 918 755 994 μὲν
826 917 990 996 (υνέβαινε
1007 917 1042 980 δὲ
1056 919 1125 979 ταί(
1138 918 1195 994 μὲν
1210 917 1339 995 τόλμαι(

203 1017 368 1094 ἐπιβολαῖ(
385 1017 434 1081 καὶ
445 1017 573 1094 τόλμαι(
587 1019 684 1096 μηδὲν
700 1017 755 1083 αὐ-
783 1019 957 1096 αὐτοὺ(μή
982 1019 1141 1081 λείπετθαι
1161 1022 1225 1081 τῶν
1241 1020 1339 1081 πολε·

201 1119 277 1181 τοὺ(
294 1117 452 1182 λείπε(θαι
464 1107 529 1183 τῶν
545 1118 756 1201 ὑπεναντίων,
784 1121 889 1199 μίων.·
901 1120 954 1183 διὰ
974 1119 1009 1182 δὲ
1030 1121 1088 1196 τὴν
1111 1117 1256 1195 ἀπειρίαν
1271 1121 1338 1181 τῶν

202 1219 254 1282 διὰ
281 1220 399 1297 δὲτὴν
431 1219 576 1299 ἀπειρίαν
603 1220 757 1284 πολλάκι(
784 1221 951 1300 ἡγεμόνων
968 1221 1089 1299 μεγάλα
1105 1220 1301 1299 βλάπτε(θαι.

202 1320 416 1384 ἐλαττοῦτθαι.

380 1472 474 1535 Polyb.
494 1471 579 1539 (ibid.)
969 1474 1048 1522 Diod.
1067 1469 1152 1537 (ibid.)

242 1573 315 1637 τότε
330 1572 392 1650 γὰρ
407 1572 447 1651 ἦν
464 1578 600 1639 (υνιδεῖν
624 1575 679 1638 ἐπ’
701 1575 755 1637 αὐ·
826 1575 897 1638 τότε
914 1576 1049 1637 (υνιδεῖν
1066 1573 1149 1637 ἐττιν
1171 1572 1227 1635 ἐπ’
1242 1572 1339 1650 αίιτῆ(

200 1677 255 1752 τῆ(
271 1678 326 1752 τῆ(
352 1673 514 1756 ἀληθείατ,
541 1675 675 1754 πηλίκην
691 1680 756 1739 δια·
783 1679 838 1752 τῆ(
869 1674 1001 1752 πείρατ,
1032 1673 1141 1751 ἡλίκην
1172 1674 1336 1751 ὑπεροχὴν

201 1776 310 1855 φορὰν
340 1775 405 1853 ἔχει
435 1775 578 1854 ἐμπειρία
608 1779 756 1855 μεθοδικὴ
783 1777 848 1855 ἔχει
871 1777 1055 1855 (τρατηγικὴ
1080 1775 1198 1838 (ύνε(ι(
1225 1773 1338 1837 ἰδιωτι-

201 1878 253 1940 καῖ
267 1879 454 1954 (τρατηγικὴ
467 1877 597 1957 δύναμι(
614 1879 758 1956 ἀπειρία(
784 1883 839 1955 κῆ(
851 1876 995 1955 ἀπειρία(
1017 1876 1067 1940 καὶ
1088 1879 1194 1955 τριβῆ(
1215 1873 1338 1949 ἀλόγου

200 1979 252 2041 καῖ
267 1981 372 2058 τριβῆ(
394 1976 515 2053 ἀλόγου
536 1980 587 2042 καὶ
609 1998 757 2057 (τρατιω-
783 1980 835 2043 καὶ
849 1980 1077 2055 (τρατιυιτικῆε.

201 2081 294 2156 τικῆ(

284 2251 429 2311 Necnon
444 2253 575 2312 Diodori
589 2253 794 2330 fragmentum
809 2253 950 2330 quintum
967 2248 1044 2325 (exo.
1060 2250 1151 2308 vatio.
1169 2270 1199 2328 p.
1216 2251 1265 2322 55,
1284 2249 1336 2325 56)

202 2354 440 2431 comparandum
464 2362 509 2412 ost
531 2374 599 2413 oum
620 2353 744 2432 Polyhii
767 2355 865 2433 prima
886 2353 907 2411 l.
930 2352 956 2409 I.
980 2371 1047 2429 cap.
1071 2353 1111 2410 86
1135 2350 1337 2429 paragrapho.

408 2517 547 2582 Polybius.
992 2516 1136 2566 Diodorus.

243 2621 302 2680 τοῦ
337 2618 503 2697 δαιμονίου
545 2620 602 2696 τὴν
638 2618 756 2682 οἰκείαν
825 2621 862 2682 τὸ
884 2619 946 2695 γάρ
969 2616 1154 2697 δαιμόνιον,
1176 2615 1221 2680 ὡ(
1243 2616 1338 2692 ἔοικε,

202 2718 337 2797 ἀμοιβὴν
354 2721 464 2784 αὐτοῖ(
488 2720 702 2799 ἐπιφέροντα(
718 2725 756 2802 τῇ
782 2718 900 2797 ταύτην
928 2718 1062 2798 ἀμοιβὴν
1092 2724 1157 2781 τῶν
1184 2717 1337 2797 ἀεεβημά-

202 2820 283 2896 πρὸ(
312 2820 389 2884 τοὺ(
419 2820 518 2884 πέλα(
549 2819 675 2904 ἀ(εβείᾳ
706 2821 757 2884 καὶ
783 2841 848 2884 τυιν
865 2820 975 2884 αὐτοῖ(
991 2819 1184 2882 ἐδικαίω(εν.

203 2921 396 3004 παρανομίᾳ.
601 2932 603 2936 ’

448 3075 512 3125 ibid.
1027 3074 1090 3124 ibid.

243 3175 631 3253 τοὺ(περῖτόν(πε’νοιον
647 3175 756 3255 αἰχμα-
823 3175 881 3239 τὸν
909 3173 1068 3237 (πόνοιον
1099 3171 1339 3249 ἀνετταόρω(εν

204 3276 326 3338 λώτου(
343 3276 554 3354 ἐεταύρωταν.
782 3273 935 3354 Ἀννίβαε.
1420 3357 1422 3364 Α

245 3376 275 3439 oi
290 3378 364 3454 περὶ
383 3377 440 3440 τόν
463 3378 565 3440 Μάθω
580 3413 622 3422 ——
638 3377 756 3457 ἔλαβον
825 3375 895 3438 ὁδε
920 3375 1038 3438 Μάθω(
1059 3375 1206 3455 Ἀννίβαν
1228 3373 1338 3453 αἰχμά-

201 3478 336 3560 Ζωγρείᾳ
352 3477 756 3557 Ἀννίβαν-τοῖιτονπρό(
783 3480 889 3540 λωτον
920 3477 1027 3556 λαβὼν
1063 3476 1107 3539 εἰ(
1142 3477 1200 3539 τόν
1238 3475 1338 3539 αὐτὸν

201 3579 260 3641 τόν
275 3581 333 3642 τοῦ
350 3577 506 3642 (πενδίου
528 3583 664 3656 (ταῦρον
680 3577 756 3655 ἀγα·
784 3581 921 3655 (ταῦρον
937 3579 1151 3654 προ(ήλυι(εν.

202 3679 316 3754 γόντε(
331 3681 489 3743 καθεῖλον.

354 3832 448 3898 Polyb.
466 3833 493 3897 Ι,
512 3834 553 3895 86,
574 3836 604 3883 12
952 3831 1062 3880 Diodor.
1080 3829 1166 3896 (ibid.)

244 3936 299 4009 τῆ(
335 3930 431 4010 τύχη(
469 3932 576 4011 ὥ(περ
612 3934 756 4011 ἐπίτηδε(
825 3931 904 3995 ὥετε
920 3933 1028 3995 δοκεῖν
1044 3934 1101 4009 τὴν
1116 3931 1214 4009 τύχην
1232 3931 1338 4011 ὡεπερ

203 4033 398 4112 ἀμφοτέροι(
438 4033 585 4112 οιδοιίτη(
620 4034 757 4100 ἐναλλὰξ
783 4032 927 4111 ἐπίτηδε(
943 4033 1079 4098 ἐναλλὰξ
1099 4033 1156 4096 τὰ(
1172 4032 1338 4112 εὐημερία(

202 4133 351 4213 ἀφορμά(
367 4133 410 4196 εἰ(
423 4134 606 4214 ὑπερβολὴν
616 4138 670 4212 τῆ(
685 4135 758 4199 κατ’
784 4135 834 4199 καὶ
861 4134 916 4199 τὰ(
946 4133 1041 4212 ἥττα(
1070 4133 1244 4211 ἀπονέμειν
1270 4140 1338 4200 τοῖ(

203 4235 354 4313 ἀλλήλων
370 4236 528 4313 τιμωρία(
784 4235 856 4313 περὶ
870 4237 928 4313 τὴν
944 4235 1038 4315 φύτιν
1054 4234 1246 4314 ήτεβηκόον.

286 4340 431 4416 Deniquo
454 4342 545 4398 tortia
573 4340 736 4417 fragmenti
763 4340 793 4399 V
824 4340 1034 4419 paragraphus
1058 4350 1249 4418 comparetur
1271 4363 1338 4400 cum

203 4441 432 4499 undevicesima
455 4440 649 4519 paragrapho
672 4441 692 4498 l.
716 4441 741 4497 Ι.
765 4461 832 4519 cap.
856 4441 907 4498 88.
