3252 5108
642 313 875 389 225-

289 492 366 552 Oum
399 501 501 552 autem
529 491 672 570 Ephorus
700 493 732 549 in
766 491 865 570 capite
888 491 926 548 41
952 491 1129 550 aDiodoro
1163 491 1342 550 nominatim

204 594 361 666 afferatur,
397 595 500 653 omnia
540 613 590 665 eu,
626 613 705 671 quae
739 593 813 651 inde
840 613 859 650 a
893 594 993 670 capita
1017 593 1057 649 42
1091 601 1268 664 narrantur,
1306 613 1343 651 ex

204 694 330 773 Ephoro
358 689 498 770 desumta
527 713 593 754 esse
621 701 863 753 consentancum
891 702 945 752 cst.
976 693 1106 753 Accedit
1134 694 1216 773 quod
1245 693 1343 752 ultera

203 795 311 874 capitis
335 797 374 852 42
405 796 630 874 paragraphus,
655 814 746 873 quam
768 795 809 854 ad
823 794 982 874 Ephorum
1004 797 1119 855 referre
1142 815 1231 854 nemo
1255 793 1338 853 dubi-

202 896 294 968 tabit,
319 896 471 956 simillima
493 905 539 956 est
560 897 648 955 alteri
671 897 710 955 38
741 897 850 974 capitis
871 896 1075 975 paragrapho.

287 997 392 1057 Verba
414 1006 516 1057 autem
538 998 614 1056 hacc
637 1005 718 1056 sunt.
848 993 852 1002 ’

385 1113 414 1162 in
432 1113 521 1178 capite
538 1115 580 1163 38.
970 1113 999 1162 in
1017 1113 1105 1178 capite
1122 1116 1163 1162 42.

244 1195 369 1260 τούτων
391 1197 426 1258 δὲ
446 1196 580 1260 πάντων
596 1195 758 1274 εἰιηγητήι
802 1233 808 1244 2
827 1196 954 1273 καὶγὰρ
970 1195 989 1259 ὁ
1010 1199 1066 1274 τῆ(
1086 1195 1247 1261 πολιτεία(
1269 1196 1341 1260 τότε

201 1299 242 1376 ἦν
254 1297 450 1380 Θηραμένης,
463 1295 545 1375 ἀνὴρ
557 1296 614 1378 βίῳ
630 1297 757 1376 κόιμιοε
784 1295 1013 1377 ἀφηγούμενοι
1043 1297 1229 1377 Θηραμένη(
1259 1295 1340 1375 ἀνὴρ
1373 1377 1378 1392 ,

200 1399 250 1462 καὶ
270 1404 307 1481 τῇ
335 1399 489 1478 φρονήιει
516 1401 623 1463 δοκῶν
645 1399 756 1479 διαφέ-
784 1397 812 1462 εἰ
837 1399 887 1462 καί
905 1418 952 1462 τι(
967 1397 1068 1463 ἄλλο(
1089 1399 1184 1464 δόξαι
1210 1399 1342 1463 (uuerde

203 1521 269 1579 ρειν
293 1505 359 1564 τῶν
385 1499 502 1564 ἄλλων.
540 1501 592 1564 καὶ
615 1501 677 1578 γὰρ
698 1501 756 1564 τὸν
784 1497 917 1584 εἶναιτῷ
926 1501 1017 1582 δήμῳ
1029 1500 1254 1579 εανεβούλευ(ε
1269 1520 1339 1563 κατ-

202 1601 378 1682 Ἀλκιβιάδη
395 1599 491 1664 οὑτοε
499 1601 598 1680 μόνοι
606 1600 756 1680 ιυνεβού-
786 1599 875 1676 ἁγειν
891 1601 950 1665 τὸν
966 1601 1153 1680 Ἀλκιβιάδη.
1264 1652 1278 1672 ,

202 1703 292 1767 λευιε
307 1703 464 1778 κατάγειν.

287 1807 375 1885 Quae
398 1828 466 1866 cum
489 1807 532 1867 ita
554 1809 631 1880 sint,
653 1827 718 1866 non
741 1827 899 1886 possumus
922 1829 984 1866 non
1008 1816 1142 1867 statuere
1169 1807 1340 1867 Diodorum

139 1956 143 1966 .
201 1909 234 1966 in
258 1907 399 1968 omnibus
427 1909 463 1966 iis
492 1908 670 1980 narrandis,
700 1926 779 1985 quae
802 1908 997 1988 Thucydidis
1020 1928 1141 1987 quoquc
1161 1908 1246 1968 libris
1270 1917 1340 1969 'cou-

201 2009 354 2079 tinentur,
377 2027 471 2066 uuum
493 2007 653 2086 Ephorum
675 1988 812 2068 secutum
835 2027 902 2068 esse
926 2009 1046 2082 ducem,
1071 2030 1141 2070 cum
1162 2030 1235 2068 vero
1256 2010 1339 2069 Thu-

204 2107 324 2187 cydidis
345 2107 431 2167 libris
454 2109 543 2187 quusi
565 2109 766 2170 fundamento
789 2129 878 2169 usum
900 2129 976 2169 assa.
