3252 5108
668 354 849 415 „7-

192 521 363 602 πράγμοτα
378 521 517 586 πεεόντα
532 521 630 587 πάλιν
645 521 781 605 ἤγειρεν,
804 521 887 587 ἀλλὰ
903 523 976 601 περὶ
991 524 1048 602 μὲν
1068 522 1195 589 τούτων
1212 522 1247 589 ἐν
1262 527 1331 588 τοῑε

192 623 320 689 οἰκείοιε
335 621 467 702 χρόνοι(
482 621 702 703 ἀκριβέετερον
723 623 875 703 ἐροῦμεν,
896 624 951 689 ἵνα
971 625 1011 703 μὴ
1027 626 1115 704 παρὰ
1136 625 1230 722 (μύειν
1251 645 1331 705 προ-

192 725 404 808 λαμβάνωμεν
421 729 459 807 τῇ
475 731 584 807 γραφῇ
599 724 676 789 τοὺε
690 724 829 802 καιρούε.

275 863 324 921 Ex
356 863 471 922 ultimis
510 871 612 923 autem
648 863 695 922 his
732 863 833 923 verbis
863 865 1127 944 Volquardsenius
1162 865 1332 924 Diodorum

192 964 340 1024 eiusmodi
363 965 572 1024 narrationem
601 953 674 1025 aute
703 966 805 1025 oculos
831 964 989 1040 habuisse,
1024 968 1058 1024 in
1080 986 1141 1044 qua
1162 974 1333 1044 temporum

192 1065 309 1125 ordinis
332 1065 418 1124 nulla
445 1065 551 1126 habita
574 1075 653 1126 esset
675 1067 767 1141 ratio,
792 1089 856 1126 non
879 1068 1091 1140 conclusisset,
1122 1067 1182 1126 nisi
1197 1067 1275 1127 falso
1293 1067 1331 1126 de

191 1175 255 1226 toto
278 1167 361 1225 illius
384 1167 492 1245 capitis
514 1167 575 1226 fine
601 1167 776 1227 iudicasset.
820 1169 952 1228 Videtur
975 1171 1055 1228 enim
1088 1168 1183 1228 verba
1204 1164 1328 1229 τότε-

190 1265 317 1343 ἤγειρεν
340 1268 381 1328 ad
401 1268 561 1347 Ephorum
582 1269 712 1344 referre,
737 1290 775 1329 cx
797 1289 856 1348 quo
878 1270 1013 1350 reliqua,
1044 1289 1124 1349 quae
1151 1270 1203 1328 illo
1232 1271 1332 1348 capite

192 1361 403 1443 continentur,
429 1369 568 1429 desumto
589 1379 671 1430 sunt.

275 1503 319 1563 At
340 1525 413 1564 vero
436 1505 559 1564 iniuria.
589 1505 669 1565 Nam
690 1506 766 1564 haec
788 1505 883 1565 verba
905 1508 938 1564 in
954 1508 1040 1566 fonte
1055 1506 1187 1564 Diodori
1209 1506 1332 1564 minime

190 1605 241 1664 hic
262 1606 363 1665 locum
384 1604 543 1679 haberent,
567 1608 593 1666 si
615 1627 676 1664 uno
700 1607 787 1685 quasi
808 1616 915 1666 tenore
938 1628 985 1666 res
997 1606 1167 1666 Alcibiadis
1190 1615 1332 1665 narratae

191 1715 308 1780 essent,
332 1709 423 1766 immo
446 1708 567 1768 adiecta
588 1716 674 1781 sunt,
699 1709 771 1786 quia
793 1708 867 1767 inde
889 1709 927 1768 ab
944 1710 1119 1786 insequenti
1135 1708 1234 1786 capite
1251 1727 1332 1766 nova

191 1810 377 1869 narrationis
404 1829 474 1888 pars
503 1810 523 1868 i.
557 1829 583 1868 e.
618 1828 716 1868 novus
744 1828 844 1868 annus
873 1810 991 1887 incipit.
1043 1809 1152 1888 Itaque
1188 1808 1228 1867 ad
1257 1809 1332 1867 Dio-

192 1911 300 1970 dorum
321 1911 421 1988 ipsum
448 1918 529 1968 totus
556 1910 609 1969 ille
636 1910 721 1969 locus
748 1911 896 1989 pertinet,
928 1911 981 1989 qui
1008 1911 1153 1989 proximis
1183 1909 1332 1988 capitibus

192 2013 348 2091 perlectis,
384 2011 458 2091 quid
494 2011 696 2090 praestitisset
724 2010 902 2070 Alcibiades
933 2010 1171 2070 Atheniensium
1206 2013 1330 2083 civitati,

191 2101 390 2191 cognoverat.
419 2112 580 2191 Ephorum
595 2121 698 2172 autem
720 2132 756 2171 eo
778 2113 860 2184 loco,
885 2112 969 2172 unde
991 2119 1083 2190 caput
1098 2113 1137 2170 37
1163 2111 1333 2171 desumtum

192 2224 250 2290 est,
275 2235 323 2275 res
345 2213 384 2275 ab
406 2213 570 2274 Alcibiade
593 2224 694 2292 gestas
718 2215 863 2273 continuo
892 2234 1032 2274 narrasse
1060 2234 1096 2273 eo
1125 2215 1225 2272 minus
1253 2215 1332 2272 veri-

191 2316 289 2376 simile
312 2324 372 2390 est,
398 2316 470 2394 quia
493 2316 561 2388 nisi,
587 2316 640 2395 qui
656 2335 704 2374 res
720 2315 870 2393 capitibus
887 2315 1032 2393 proximis
1052 2315 1219 2393 descriptas
1235 2315 1330 2388 novit,
1388 2367 1391 2374 .

191 2419 260 2478 illas
293 2437 382 2477 nemo
409 2417 572 2495 intellegit.
614 2416 755 2496 Apparet
785 2417 879 2494 igitur
903 2437 941 2476 ex
965 2416 1126 2488 hocloco,
1162 2415 1333 2474 Diodorum

193 2540 265 2592 non,
288 2527 323 2578 ut
347 2515 435 2597 putat
457 2518 737 2598 Volquardsenius,
764 2517 887 2595 singula
910 2518 1011 2594 capita
1034 2516 1229 2594 descripsisse
1255 2515 1334 2573 nihil

192 2621 354 2699 sequentia
380 2628 552 2693 curantem,
587 2619 643 2679 sed
671 2621 798 2698 optime,
834 2619 909 2697 quid
935 2618 1001 2696 ipse
1024 2626 1132 2696 postea
1155 2626 1332 2676 narraturus

194 2731 295 2797 esset,
312 2741 413 2782 nosse.

277 2839 366 2918 Quae
395 2860 463 2899 cum
489 2840 532 2920 ita
559 2840 636 2912 sint,
666 2840 813 2918 optimum
839 2838 963 2897 videtur
990 2856 1071 2911 esse,
1106 2836 1229 2915 singula
1256 2837 1331 2895 Dio-

194 2943 262 3002 dori
283 2943 385 3021 capita
407 2962 475 3000 cum
496 2941 708 3021 Thucydideis
732 2960 908 3019 comparare
931 2948 976 3013 et,
1001 2939 1076 3019 quid
1099 2940 1136 2998 iis
1163 2959 1330 3012 commune,

193 3044 267 3124 quid
282 3045 404 3122 utrique
420 3044 578 3122 proprium
592 3045 640 3115 sit,
658 3051 778 3104 notare.
808 3040 912 3119 Atque
928 3062 995 3100 cum
1009 3041 1235 3101 Diodoreorum
1251 3042 1332 3119 capi-

192 3156 271 3219 tum,
300 3165 379 3223 quae
406 3145 446 3205 ad
474 3144 588 3204 bellum
609 3145 907 3223 Peloponnesiacum
935 3145 1106 3222 pertinent,
1136 3144 1267 3222 plurima
1290 3144 1333 3202 ita

192 3250 255 3307 sint
276 3254 465 3324 comparata,
495 3254 529 3304 ut
556 3247 589 3304 in
611 3247 788 3305 universum
817 3265 883 3303 cum
909 3243 1123 3324 Thucydideis
1152 3252 1332 3323 congruant,

193 3351 225 3407 in
246 3349 348 3428 parvis
372 3346 462 3414 rebus
479 3346 570 3407 abiis
587 3346 783 3420 abhorreant,
802 3367 838 3406 ea
853 3365 917 3404 non
934 3365 951 3403 e
966 3346 1154 3426 Thucydide
1170 3347 1225 3405 sed
1242 3367 1280 3406 ex
1295 3367 1331 3405 eo

192 3451 350 3529 scriptore,
373 3451 427 3528 qui
442 3451 508 3529 ipse
522 3449 715 3528 Thucydidis
730 3448 825 3508 libros
840 3447 1024 3522 adhibuerit,
1041 3447 1175 3526 Ephoro,
1195 3448 1333 3506 desumta

193 3573 261 3612 esse
284 3560 420 3630 apparet.
451 3551 532 3611 Nam
553 3551 724 3610 Diodorum
751 3551 794 3608 ita
814 3549 933 3628 Ephori
960 3548 1046 3606 libris
1073 3568 1160 3606 usum
1188 3567 1268 3621 esse,
1299 3556 1334 3606 ut

193 3673 244 3727 ea,
269 3672 348 3731 quae
371 3674 389 3712 a
410 3652 597 3732 Thucydide
625 3652 839 3730 praetermissa
866 3650 1049 3721 invenisset,
1081 3649 1200 3708 axillis
1225 3648 1332 3727 depro-

192 3763 303 3827 meret,
327 3755 451 3813 minime
473 3755 567 3813 statui
589 3761 702 3832 potest,
734 3753 806 3830 quia
828 3751 904 3810 haec
925 3749 1081 3809 scribendi
1103 3751 1180 3809 ratio
1204 3770 1271 3808 cum
1294 3749 1332 3809 ab

194 3857 328 3915 omnium
350 3857 545 3934 antiquorum
567 3875 668 3914 rerum
689 3855 870 3932 scriptorum
890 3860 955 3910 tum
978 3873 995 3911 a
1017 3851 1149 3910 Diodori
1172 3861 1331 3911 consuetu-

195 3958 268 4016 dine
283 3977 474 4036 summopere
490 3957 642 4031 abhorret,
659 3957 721 4035 qui,
738 3963 886 4035 quantum
900 3954 967 4013 fieri
981 3962 1097 4032 posset,
1114 3972 1211 4011 unum
1225 3973 1332 4032 seque-

192 4060 284 4118 batur
307 4060 424 4119 ducem.

278 4177 344 4236 Iam
367 4197 440 4238 vero
464 4178 504 4237 ad
526 4177 649 4256 singula
677 4178 777 4255 capita
798 4175 960 4234 tractanda
981 4181 1180 4233 transeamus.

277 4280 381 4357 Atque
404 4281 534 4358 primum
556 4279 680 4357 quidem
703 4301 754 4351 ea,
779 4296 856 4356 quae
880 4277 981 4354 capite
1003 4276 1042 4332 41
1068 4284 1098 4334 et
1119 4276 1271 4354 prioribus
1287 4278 1332 4334 in-

193 4362 351 4460 sequentis
374 4383 482 4459 capitis
505 4380 706 4461 paragraphis
729 4381 768 4440 de
791 4379 964 4438 incursione
987 4399 1005 4436 a
1027 4377 1184 4438 Thebanis
1208 4380 1240 4437 in
1262 4379 1331 4438 Pla-

193 4485 366 4544 taeensium
387 4483 493 4542 urbem
517 4484 597 4542 facta
619 4492 791 4554 narrantur,
820 4481 860 4540 ad
882 4479 1098 4560 Thucydidem
1124 4480 1195 4539 ideo
1226 4482 1334 4541 referri
