3252 5108
755 338 964 399 „12-

368 511 532 572 Praeterea
554 511 636 591 apud
652 513 824 571 Diodorum
838 511 933 591 Pylos
955 512 1049 571 muris
1071 512 1217 590 cingitur·
1230 512 1423 590 vigintidie·

283 612 354 686 bus,
379 613 461 692 apud
483 613 700 694 Thucydidem
724 611 757 690 (l.
773 613 819 673 IV
842 633 909 692 cap.
933 611 965 690 5)
989 633 1052 672 sex.
1087 613 1195 691 Neque
1211 634 1284 673 vero
1301 613 1425 695 Thucy·

284 713 380 787 didas,
397 723 512 793 quanto
529 715 663 773 exercitu
678 715 915 774 Lacedaemonii
935 724 1018 775 terra
1040 715 1289 794 oppugnaverint
1303 714 1423 794 Pylum,

283 814 413 888 indicat,
441 814 597 874 Diodorus
624 824 730 876 contra
760 816 920 876 duodecim
946 817 1042 874 millia
1076 815 1171 874 fuisse
1205 814 1425 893 Spartanorum

284 916 386 974 refert.
428 917 572 995 Denique
603 918 628 976 is
655 918 686 975 in
714 918 814 995 capite
839 918 1028 995 sexagesimo
1055 916 1145 976 tertio
1172 915 1425 975 historiunculam

283 1015 384 1090 affert,
413 1037 503 1096 quam
532 1018 614 1096 apud
644 1017 860 1098 Thucydidem
882 1018 995 1077 frustra
1016 1037 1156 1096 quaeras,
1197 1017 1310 1077 Narrat
1332 1017 1423 1089 enim,

282 1139 350 1177 cum
372 1117 578 1178 Athenienses
606 1121 793 1198 captivorum
816 1121 1072 1197 permutationem
1094 1118 1279 1178 admissuros
1302 1137 1335 1176 se
1359 1137 1424 1177 esse

283 1229 462 1298 negassent,
495 1219 757 1280 Lacedaemonios
787 1219 914 1292 dixisse,
945 1221 1081 1279 confiteri
1110 1238 1183 1296 ergo
1204 1219 1422 1290 Athenienses,

282 1321 544 1381 Lacedaemonios
567 1341 600 1381 se
623 1341 690 1380 esse
712 1321 862 1393 meliores,
879 1322 994 1399 quippe
1017 1341 1145 1398 quomm
1167 1321 1424 1398 permutationem

282 1420 444 1481 admittere
467 1421 595 1481 nollent.

366 1523 444 1600 Quis
466 1531 567 1582 autem
589 1522 644 1582 has
671 1523 908 1582 historiunculas
936 1525 1031 1600 magis
1063 1522 1185 1583 amabat
1206 1542 1297 1601 quam
1319 1522 1421 1600 Epho-

280 1644 345 1696 rus,
370 1643 460 1702 quem
482 1625 584 1683 multis
605 1624 681 1683 loeis
698 1644 749 1684 eas
771 1625 803 1683 in
820 1623 913 1682 libros
929 1644 1000 1682 suos
1015 1625 1181 1683 inseruisse
1203 1644 1242 1683 ex
1257 1622 1421 1681 Plutarcho

279 1727 468 1804 potissimum
491 1726 707 1804 cognoscitur?
1345 1805 1348 1810 .

365 1827 479 1886 Similis
503 1836 549 1885 est
571 1827 647 1885 ratio
672 1827 862 1905 insequentis
886 1826 1008 1904 capitis,
1032 1825 1115 1905 quod
1139 1835 1169 1886 et
1190 1827 1290 1904 ipsum
1312 1825 1355 1884 ita
1377 1834 1423 1885 est

280 1929 494 2007 compositum,
518 1937 562 2000 ut,
585 1946 768 2006 quamquam
785 1927 863 1986 etin
878 1927 979 1986 verbis
995 1935 1026 1986 et
1040 1929 1073 1984 in
1089 1927 1180 1986 rebus
1196 1947 1308 2005 magna
1324 1934 1423 1986 exstat

279 2033 360 2089 inter
375 2030 549 2089 Diodorum
573 2037 603 2088 et
618 2028 835 2107 Thucydidem
850 2028 1031 2101 similitudo,
1056 2037 1158 2088 tamen
1172 2027 1325 2087 nonnulla
1340 2036 1422 2086 certe

280 2132 320 2190 sit
346 2130 530 2198 differentia.

363 2230 466 2310 Atque
488 2230 704 2290 similitudines
724 2229 857 2307 quidem,
875 2249 1027 2308 quaenam
1048 2231 1129 2290 inter
1144 2230 1275 2290 Diodori
1292 2238 1322 2289 et
1336 2229 1420 2288 Thu·

279 2333 399 2412 cydidis
424 2329 491 2407 (IV,
516 2330 569 2408 45)
594 2331 802 2390 narrationem
823 2332 893 2404 sint,
918 2330 1092 2409 legentibus
1114 2332 1188 2409 ipsis
1211 2332 1351 2408 relinquo
1373 2330 1418 2387 in·

278 2431 509 2514 vestigandum,
534 2452 616 2490 nunc
639 2451 791 2510 quaenam
813 2433 894 2490 inter
915 2433 984 2491 illos
999 2435 1162 2511 scriptores
1186 2432 1359 2508 differentia
1380 2431 1419 2490 sit

182 2517 184 2522 ¹
277 2534 446 2593 videamus.
485 2532 589 2611 Atque
623 2533 752 2611 primum
787 2533 911 2611 quidem
943 2533 1099 2592 Diodorus
1131 2533 1251 2593 Niciam
1279 2554 1297 2592 a
1330 2532 1419 2592 sociis

278 2634 484 2714 quadraginta
511 2635 649 2694 triremes
683 2635 837 2713 accepisse
871 2635 957 2706 dicit,
994 2635 1077 2712 quod
1103 2634 1305 2712 Thucydides
1326 2633 1347 2692 l.
1373 2633 1419 2693 IV

278 2757 345 2815 cap.
361 2736 416 2809 42,
440 2735 493 2795 ubi
510 2734 657 2808 debebat,
682 2755 745 2794 non
768 2735 1023 2795 commemoravit.
1056 2735 1180 2794 Deinde
1202 2735 1277 2793 duas
1299 2753 1418 2812 pugnas

278 2859 344 2897 cum
368 2835 536 2896 Corinthiis
558 2834 766 2896 Athenienses
795 2838 979 2897 commisisse
1008 2837 1091 2916 apud
1113 2837 1284 2896 Diodorum
1310 2836 1418 2914 legens

278 2940 346 3018 quis
368 2938 459 2997 facile
474 2939 506 2996 in
529 2957 597 2996 eam
618 2939 803 2998 sententiam
824 2939 962 3011 inclinet,
983 2940 1029 2997 uti
1051 2948 1138 3017 putet
1152 2937 1333 3010 Diodorum,
1351 2957 1419 2996 cum

277 3041 353 3100 haec
376 3049 529 3110 narraret,
555 3039 593 3098 de
617 3038 735 3098 duobus
759 3039 946 3099 exercituum
969 3039 1111 3100 cornibus
1134 3040 1294 3118 cogitasse.

362 3142 508 3219 Denique
524 3139 663 3200 Diodoro
680 3140 847 3200 Tantalum
863 3150 893 3201 et
907 3142 1077 3220 Aeginetae
1091 3138 1223 3199 Athenis
1235 3140 1267 3198 in
1280 3138 1418 3200 custodia

277 3251 413 3303 retentos
434 3262 500 3301 esse
521 3243 661 3301 narranti
681 3223 861 3302 adversatur
882 3243 1091 3324 Thucydides,
1116 3242 1167 3318 qui
1196 3242 1216 3299 l.
1241 3240 1286 3300 IV
1308 3261 1365 3320 cap
1378 3243 1416 3300 57

278 3344 485 3404 Athenienses
503 3343 673 3403 decrevisse
690 3344 777 3417 dicit,
802 3353 836 3402 ut
847 3344 998 3404 Tantalus
1013 3345 1046 3402 in
1062 3341 1202 3402 custodia
1218 3342 1416 3416 detineretur,

277 3445 451 3525 Aeginetae
474 3453 668 3505 necarentur.
778 3483 783 3492 ,

362 3548 400 3606 In
423 3548 523 3626 capite
547 3547 661 3606 deinde
684 3547 722 3605 67
746 3549 834 3606 utin
857 3546 983 3624 reliquis
1006 3546 1097 3606 rebus
1120 3545 1241 3605 Siculus
1264 3546 1418 3624 conspirat

278 3670 345 3709 cum
366 3648 572 3727 Thucydide,
595 3650 638 3707 ita
660 3650 693 3706 in
716 3648 871 3708 narrando
887 3648 1050 3719 Halotum,
1077 3648 1129 3726 qui
1151 3654 1308 3717 vocantur,
1334 3647 1417 3705 exitu

278 3752 316 3810 ab
341 3771 376 3810 eo
399 3750 527 3809 recedit.

361 3851 449 3912 Alter
465 3851 555 3923 enim,
580 3870 639 3929 quo
655 3850 746 3910 modo
764 3851 891 3910 Helotes
906 3850 961 3923 illi,
985 3851 1037 3928 qui
1052 3847 1227 3907 libertatem
1242 3850 1416 3927 petiverint,

277 3956 340 4013 sint
361 3954 530 4026 interfecti,
554 3953 632 4011 scire
653 3971 836 4031 quemquam
857 3953 878 4010 l.
896 3952 941 4011 IV
965 3970 1031 4030 cap.
1048 3952 1090 4009 80
1104 3958 1206 4029 negat,
1234 3951 1312 4010 alter
1333 3972 1415 4025 vero,

277 4055 447 4127 Diodorus,
477 4054 615 4133 singulos
638 4054 766 4113 Helotes
793 4053 990 4113 validissimis
1011 4051 1265 4112 Lacedaemoniis
1293 4052 1416 4113 obtrun-

278 4157 392 4217 candos
414 4156 543 4215 traditos
567 4176 633 4216 esse
656 4155 738 4215 dicit.
1179 4141 1181 4145 ⁵

361 4257 449 4316 Haec
463 4267 565 4316 autem
579 4265 739 4336 postquam
756 4256 906 4334 exposuit,
922 4256 967 4314 sic
982 4257 1097 4334 pergit:
1115 4253 1166 4316 διὸ
1182 4251 1233 4316 καὶ
1248 4252 1415 4332 θαρρήεαε,

277 4363 322 4440 τῷ
354 4356 467 4432 πλήθει
498 4359 563 4419 τῶν
590 4358 790 4433 ετρατιωτῶν
821 4352 1023 4432 ἐετράτευεεν
1050 4353 1103 4418 ἐπὶ
1132 4354 1190 4432 τὴν
1216 4353 1416 4432 καλουμένην

277 4457 482 4537 Ἀμφίπολιν,
507 4458 617 4538 quibus
641 4479 658 4516 e
686 4459 788 4519 verbis
818 4479 886 4518 cum
908 4467 1058 4538 appareat
1085 4467 1177 4537 caput
1199 4446 1254 4530 68,
1284 4476 1345 4535 qno
1368 4477 1416 4518 res
1525 4533 1534 4542 .
