3252 5108
687 299 893 363 ..Π-

467 468 530 519 ibid.
1049 468 1112 520 ibid.

266 567 297 632 οἱ
317 569 374 648 μὲν
396 567 547 635 ἐξέπλεον
568 569 620 634 καὶ
640 569 703 634 ὑπὸ
719 573 777 635 τοῦ
847 569 876 634 οἱ
891 569 1355 650 γὰρ-πρετβευταίάναετρέ-

223 675 380 749 χειμῶνοε
402 669 434 733 έε
455 669 492 733 τὸ
520 675 577 735 τοῦ
600 669 774 735 (κιπίωνοε
803 692 924 752 φοντεε
944 671 1009 736 ὑπὸ
1040 675 1197 751 χειμῶνα(
1229 672 1359 750 κατηνέ-

224 771 441 849 ετρατόπεδον
477 771 666 851 κατήγοντο.
711 771 920 851 (κι-»χθηεαν
942 773 986 838 είε
1006 773 1064 839 τὸν
1099 779 1165 838 τῶν
1195 771 1360 850 Ῥωμαίων

222 872 305 938 πίων
327 873 362 936 δὲ
378 870 531 960 -οὐδὲν
547 872 676 950 ὅμοιον,
702 872 776 955 έφη,
803 874 1011 953 ναύεταθμον.
1028 911 1069 920 -
1094 873 1113 938 ὁ
1136 874 1272 938 [κιπίων
1301 874 1361 938 οὐκ

222 976 291 1038 ταῑε
336 973 561 1053 Καρχηδονίων
611 973 776 1056 interime,
803 976 883 1056 ἔφη,
899 979 948 1040 δεῖ
962 974 1166 1057 πράττειν,ἃ
1187 977 1255 1038 τοί(
1280 975 1357 1054 Καρ-

222 1073 299 1139 ἀλλ’
314 1073 481 1154 ἀπέπεμπε
497 1075 638 1141 ἀπαθεῑε.
803 1077 965 1156 χηδονίοιε
980 1076 1176 1153 ἐγκαλοῡειν.
1193 1075 1284 1140 οὗτοι
1300 1078 1357 1156 μλν
1415 1125 1420 1130 -

803 1177 863 1245 οὖν
889 1179 1065 1260 ἀφεθέντες
1094 1177 1287 1257 διεεώθηεαν
1316 1177 1360 1242 είε

802 1283 860 1360 τὴν
879 1279 1079 1360 Καρχηδόνα.

305 1433 416 1511 Legati
448 1434 509 1506 illi,
541 1454 617 1514 quos
639 1435 795 1495 Diodorus
825 1444 855 1495 et
877 1435 1041 1516 Appianus
1063 1436 1209 1495 hocloco
1233 1456 1359 1495 comme·

222 1543 355 1607 morant,
390 1534 576 1614 aSeipione
599 1533 818 1615 Carthaginem
850 1538 934 1596 missi
966 1545 1054 1596 erant
1087 1547 1250 1615 prepterea
1278 1537 1362 1615 quod

223 1638 441 1697 frumentariae
469 1638 637 1698 nonnullae
668 1657 762 1696 naves
785 1639 991 1698 Romanorum
1013 1657 1031 1695 a
1055 1636 1361 1716 Carthaginiensibus

221 1738 303 1796 inter
318 1738 453 1798 indutias
470 1739 609 1819 direptae
632 1747 733 1811 erant,
759 1759 850 1818 quam
873 1760 936 1799 rem
951 1739 1106 1799 Diodorus
1128 1741 1300 1817 fragmento
1312 1739 1361 1798 XI

224 1836 303 1914 (exe.
320 1839 390 1899 Vat.
414 1861 443 1918 p.
459 1840 511 1918 62)
537 1850 567 1900 et
588 1841 751 1918 Appianus
763 1841 950 1901 Punicorum
965 1861 1032 1920 cap.
1049 1841 1089 1900 34
1112 1859 1236 1919 prorsus
1253 1840 1361 1900 eadem

222 1941 342 2000 ratione
366 1940 553 2001 describunt.

441 2089 555 2157 Appian.
1028 2090 1138 2142 Diodor.

267 2192 494 2270 Καρχηδονίων
510 2190 776 2270 δὲὸδῆμοεάγο-
845 2191 913 2256 τοῑε
945 2190 1173 2270 Καρχηδονίοιε
1207 2190 1361 2257 ειτοδείαε

221 2293 282 2371 ρὰν
296 2292 498 2359 [κιπίωνοεί
484 2315 528 2358 υπ
536 2291 688 2372 ’ἀνέμων
705 2312 776 2357 κατ·
804 2293 1013 2371 ἐπιπεεούεηε
1048 2291 1078 2356 οἱ
1112 2292 1259 2370 καχέκται
1294 2297 1359 2359 τῶν

222 2399 404 2473 ενεχθεῑεαν
430 2394 473 2459 εἰε
488 2394 675 2472 Καρχηδόνα
691 2394 777 2472 διήρ-
789 2397 946 2529 Ιπολιτιῖιν
962 2393 1189 2471 έπιθυμοῦντεε
1201 2398 1289 2458 λῦεαι
1300 2396 1359 2473 τὴν

222 2517 333 2561 παεαν.
356 2497 464 2561 πολλὰ
484 2500 573 2575 τῆεβ
555 2498 673 2575 βουλῆε
689 2495 776 2561 ἀπει-
789 2496 932 2615 ειρήνην
953 2494 1095 2572 προυτρέ
1097 2515 1204 2573 ψαντο
1225 2495 1283 2561 τὸν
1305 2500 1359 2574 δῆ-

221 2598 336 2676 λοιίεηε
351 2596 623 2675 καὶπαραινουεηε
635 2598 675 2675 μὴ
689 2542 791 2660 λύειν
803 2617 865 2674 μον
891 2596 1073 2660 ἐπιπλεῦεαι
1096 2599 1166 2660 mic
1196 2597 1287 2660 ναυτί
1308 2599 1361 2661 καί

221 2699 375 2778 ευνθήκαε
396 2697 466 2776 ἄρτι
493 2696 715 2776 γεγενημέναε.
747 2696 776 2761 οί
803 2699 860 2761 τὸν
891 2699 978 2761 εῖτον
1007 2696 1128 2776 κομίεαι
1158 2696 1201 2762 εἰε
1233 2698 1357 2777 λιμένα·

222 2801 257 2864 δὲ
282 2837 323 2844 -
352 2798 403 2862 καὶ
436 2798 495 2864 τὸν
531 2801 623 2877 λιμὸν
653 2798 775 2878 ἔφαεαν
802 2801 857 2874 τῆε
872 2797 1359 2877 δὲγερουείαεούκέώεηελῦεαι

222 2900 370 2978 ἐνοχλεῖν
386 2897 466 2978 ὑπὲρ
481 2899 539 2964 τὰε
554 2899 753 2979 παραβάεειε.
801 2900 859 2964 τὰε
875 2899 1045 2988 ευνθῄκαε,
1066 2899 1172 2964 οὐδεὶε
1188 2899 1358 2978 ἐπήκουτε·

788 2992 860 3093 [τὴν
901 3002 963 3079 γὰρ
992 2999 1115 3067 κοιλίαν
1145 3000 1205 3066 οὐκ
1234 3001 1357 3082 ἔφαεαν

789 3103 888 3181 *ἔχειν
904 3100 982 3167 ὦτα.

304 3259 428 3318 Deinde
450 3260 655 3337 fragmentum
677 3259 708 3317 X
733 3255 810 3334 (exe.
841 3258 871 3317 d.
894 3259 964 3316 virt.
993 3265 1024 3316 et
1045 3257 1099 3316 vit.
1128 3278 1158 3336 p.
1182 3259 1256 3330 571,
1282 3257 1356 3335 572)

220 3379 343 3446 quoque
366 3381 434 3420 cum
455 3360 593 3439 Appiani
614 3361 800 3420 Punicorum
822 3380 889 3439 cap.
912 3361 952 3418 33
976 3359 1214 3437 comparandum
1237 3368 1293 3418 est,

439 3508 555 3574 Appian.
1025 3507 1136 3559 Diodor.

262 3610 311 3674 καὶ
342 3611 606 3687 τετρακιεχιλίουε
636 3535 789 3690 αὐτομό-ί
843 3609 892 3674 ὅτι
926 3606 1101 3687 αὐτομόλοι
1137 3607 1238 3686 ἦλθον
1273 3611 1355 3688 πρόε

220 3716 298 3777 λοοε
322 3711 437 3775 ἱππέα(
463 3711 551 3794 αὐτῷ
568 3711 773 3791 προεφυγόν-
803 3711 949 3791 Ἀννίβαν
976 3711 1215 3788 τετρακιεχίλιοι
1235 3709 1355 3776 ἱππειε·

218 3833 290 3896 rec,
305 3814 339 3877 οἳ
354 3813 501 3893 (ύφακοε
516 3811 609 3878 ὄντε(
624 3811 696 3876 τότε
711 3811 773 3888 έχί-
801 3811 891 3876 οὗτοι
907 3813 942 3876 δέ
967 3815 1030 3876 τοῦ
1048 3811 1196 3891 (ύφακοε
1211 3811 1358 3878 πταίεαν-

219 3933 339 3991 γνοντο
356 3913 600 3995 Μαεεανάεεου,
622 3933 774 3993 κατηκον-
800 3934 855 3979 τοε
895 3914 978 3992 πρὸ(
1014 3913 1241 3991 Μαεεανάεεην
1276 3913 1356 3993 ἠεαν

219 4036 302 4080 τιεεν
318 4013 538 4079 ὑποπτεύεαε·
562 4015 638 4080 τοὺε
664 4015 696 4079 δ’
721 4013 772 4080 ίπ-
800 4014 1021 4096 ἀφεετηκότεε.
1043 4012 1113 4077 ὁδὲ
1129 4014 1283 4092 ὀργιεθεὶε
1298 4015 1352 4081 αὺ-

219 4137 301 4182 πουτ
318 4117 450 4182 διέδωκε
471 4121 517 4199 τῷ
534 4123 664 4199 ετρατῷ.
800 4120 869 4182 τοίε
912 4116 1092 4195 περιέετηεε
1127 4114 1260 4196 δύναμιν
1304 4118 1355 4183 καὶ

800 4219 924 4284 πάντα(
964 4216 1187 4282 κατακοντίεαε
1222 4219 1356 4285 διέδωκε

801 4320 878 4384 τοὺς
905 4318 1027 4384 ίππουε
1054 4320 1123 4384 τοίε
1153 4319 1226 4399 μεθ’
1255 4319 1356 4385 αὑτοῦ

801 4421 1012 4499 ετρατιώταιε.

1117 4518 1155 4572 6*
