3252 5108
754 304 937 367 ,4-

358 479 477 557 Quodsi
500 480 658 558 Ephorum
673 479 867 559 Thucydidis
890 479 983 538 libros
1006 479 1184 540 adhibuisse
1207 500 1245 539 ex
1266 480 1319 540 illo
1336 480 1410 539 Dio-

274 581 339 640 dori
362 582 428 642 loco
452 581 698 642 concludendum
720 582 843 641 videtur
872 602 936 640 esse
950 575 990 659 ²),
1022 581 1064 640 ibi
1086 581 1212 659 Ephoro
1235 602 1322 640 usum
1346 601 1412 640 esse

273 681 408 741 Siculum
430 683 515 742 illum
537 685 714 762 scriptorem
742 682 931 762 putabimus,
962 681 1145 760 ubicumque
1173 692 1207 742 ut
1235 684 1267 740 in
1289 683 1412 741 univer·

271 804 337 842 sum
360 805 426 843 cum
448 785 632 864 Thucydide
656 786 811 862 congruit,
841 785 884 843 ita
913 786 945 842 in
974 785 1104 862 singulis
1127 783 1218 843 rebus
1240 783 1279 842 ab
1302 804 1337 842 eo
1361 783 1412 842 ab·

271 884 385 944 horret.
422 885 559 963 Quorum
585 885 721 945 locorum
749 906 817 944 cum
837 887 984 944 maximus
1007 887 1046 944 sit
1069 906 1229 958 numerus,
1253 887 1286 943 in
1308 886 1413 963 paucis

272 1006 394 1065 quoque
415 988 451 1045 iis
474 986 625 1065 capitibus
647 988 882 1065 componendis,
908 988 940 1045 in
963 987 1073 1065 quibus
1096 988 1177 1045 inter
1190 985 1362 1044 Diodorum
1384 994 1415 1044 et

272 1087 487 1166 Thucydidem
509 1089 595 1146 nulla
617 1108 739 1166 prorsus
763 1097 861 1148 exstat
885 1088 1073 1160 differentia,
1104 1090 1176 1166 quia
1199 1109 1267 1146 cum
1289 1088 1414 1166 reliquis

273 1210 310 1248 ex
325 1191 450 1268 Ephoro
472 1191 575 1269 petitis
592 1190 743 1268 capitibus
766 1191 933 1248 arctissime
949 1190 1115 1249 cohaerent
1136 1198 1228 1267 atque
1251 1189 1415 1248 coniuncta

272 1299 358 1364 sunt,
382 1291 500 1368 Ephori
522 1291 616 1348 verba
638 1299 710 1350 ante
727 1291 830 1350 oculos
847 1290 989 1350 habuisse
1005 1290 1175 1348 Diodorum
1198 1309 1347 1369 perquam
1370 1299 1416 1350 est

272 1392 445 1464 verisimile,
470 1393 649 1470 praesertim
671 1413 747 1464 cum,
772 1393 879 1470 quanti
908 1394 1084 1452 aestimatus
1113 1393 1153 1450 sit
1181 1390 1332 1450 Cumaeos
1362 1392 1414 1450 ille

276 1495 407 1572 scriptor
430 1516 447 1554 a
472 1493 583 1565 Siculo,
608 1494 682 1553 satis
706 1502 791 1552 const
811 1503 833 1553 t.

357 1613 444 1671 Idem
469 1612 730 1690 Volquardsenius
757 1632 877 1690 quoque
911 1613 1031 1685 statuit,
1068 1615 1152 1672 cuius
1188 1622 1290 1671 tamen
1324 1633 1413 1690 argu·

274 1715 493 1774 mentationem
514 1734 578 1771 non
594 1732 716 1791 prorsus
738 1712 913 1791 comprobo.
943 1713 1071 1790 Paginis
1095 1715 1229 1773 11111141
1250 1723 1280 1774 11
1294 1715 1334 1770 42
1351 1715 1415 1772 eius

274 1815 363 1888 libri,
398 1835 488 1894 quem
513 1835 605 1892 supra
632 1815 875 1885 nominavimuS,
904 1814 1076 1873 Diodorum
1102 1815 1317 1895 Thucydidem
1344 1824 1416 1874 ante

223 1930 225 1936 ’
274 1918 375 1976 oculos
398 1935 460 1975 non
477 1915 620 1975 hahuisse
643 1915 716 1974 inde
733 1903 982 1975 concludendum
998 1936 1065 1976 esse
1085 1917 1173 1988 dicit,
1197 1917 1280 1995 quod
1296 1916 1416 1975 Siculus

274 2020 325 2078 ille
349 2027 379 2078 et
400 2037 522 2096 prorsus
547 2017 668 2076 diversa
683 2023 853 2094 temporum
874 2018 1079 2077 notandorum
1095 2019 1214 2078 ratione
1237 2039 1308 2076 usus
1331 2020 1371 2076 sit
1387 2026 1417 2076 11

274 2120 357 2198 quod
379 2119 463 2180 haud
485 2119 579 2179 semel
601 2139 649 2177 res
676 2118 881 2196 compluribus
904 2120 994 2178 annis
1018 2128 1118 2196 gestas
1148 2121 1191 2178 ita
1213 2120 1415 2192 coniunxerit,

275 2224 362 2300 quasi
391 2240 452 2278 uno
476 2239 558 2278 auno
582 2220 741 2278 confectae
769 2220 841 2291 sint,
870 2220 913 2279 ita
942 2229 975 2278 ut
1003 2222 1212 2278 narrationem
1240 2221 1306 2279 eius
1334 2221 1416 2280 modi

274 2322 416 2380 videatur
438 2320 638 2396 excerpsisse,
668 2320 700 2377 in
723 2339 785 2396 qua
806 2339 870 2376 uon
892 2329 926 2378 ut
955 2320 1037 2398 apud
1059 2321 1276 2400 Thucydidem
1298 2321 1417 2399 singuli

275 2423 350 2481 anni
379 2421 514 2480 distincti
541 2420 595 2479 sed
617 2440 680 2479 una
702 2440 843 2498 quaeque
864 2441 912 2479 res
934 2422 999 2480 sive
1022 2442 1083 2479 uno
1100 2442 1182 2480 anno
1197 2423 1262 2480 sive
1278 2422 1417 2499 pluribus

275 2531 399 2602 peracta
421 2542 482 2582 uno
506 2522 591 2581 velut
612 2530 719 2580 tenore
742 2523 862 2600 prolata
886 2523 988 2582 fuerit.
1019 2523 1089 2592 Hrrc
1105 2532 1206 2583 autem
1228 2524 1417 2602 potissimum

273 2634 412 2704 spectare
436 2632 540 2683 censet
551 2625 598 2681 vir
620 2623 672 2682 ille
689 2624 879 2683 doctissimus
903 2645 939 2683 ea
960 2625 1063 2696 verba,
1087 2645 1166 2702 quac
1189 2627 1310 2703 saepius
1333 2626 1417 2702 apud

278 2727 447 2786 Diodorum
468 2726 629 2802 leguntur:
654 2721 896 2802 rutenenses
921 2723 1045 2787 τούτων
1064 2723 1098 2787 ἐν
1113 2726 1182 2787 τοῖς
1198 2723 1326 2787 οἰκεῖοι(
1342 2724 1416 2801 χρό-

276 2845 344 2890 νοι(
365 2823 586 2902 ἀκμιβέετεμον
608 2822 758 2904 ἐροῦμεν,
778 2823 832 2886 ἵνα
853 2825 893 2901 μὴ
915 2826 1003 2902 παρὰ
1024 2824 1120 2904 φύειν
1140 2825 1417 2903 προλαμβάνωμεν

275 2932 312 3008 τῇ
339 2930 448 3004 γραφῇ
469 2923 546 2986 τοὺ(
566 2922 711 2999 καιμούε,
735 2947 825 3004 quem
848 2929 888 2986 ad
917 2929 1016 2990 locum
1044 2931 1109 3007 ipse
1138 2930 1214 2989 haec
1241 2929 1416 2988 adnotavit:

276 3030 339 3102 „So
363 3028 467 3087 wiirdo
491 3047 524 3086 er
546 3028 653 3105 gewiss
670 3027 754 3087 nicht
770 3029 935 3106 sprechen,
961 3050 1050 3088 wenu
1067 3051 1101 3090 11·
1121 3031 1205 3090 nicht
1221 3032 1289 3089 eine
1307 3030 1417 3107 Quelle

277 3130 390 3210 gehaht
411 3130 510 3200 hatte,
542 3128 591 3188 bei
620 3129 675 3188 der
702 3149 733 3188 es
756 3130 865 3209 nothig
893 3152 970 3202 war,
1002 3130 1067 3189 sich
1096 3152 1151 3190 vor
1181 3131 1250 3191 dem
1272 3131 1416 3206 προλαμ-

278 3230 385 3309 βάνειν
400 3229 476 3292 τοὺ(
491 3227 621 3304 καιροὺς
635 3251 673 3289 zu
696 3230 822 3290 huten“.

361 3351 443 3409 Huic
465 3357 567 3408 autem
590 3350 848 3426 argumentationi
872 3350 985 3428 optimo
1008 3351 1074 3408 iure
1103 3350 1135 3409 id
1160 3371 1316 3429 opponere
1345 3353 1418 3410 mihi

277 3454 397 3524 videor,
432 3452 516 3510 illam
547 3457 716 3527 temporum
748 3451 953 3508 notandorum
986 3453 1133 3510 rationem
1169 3474 1187 3511 a
1213 3453 1418 3530 Thucydidea

278 3556 429 3614 diversam
451 3573 514 3610 uon
543 3553 583 3611 ad
610 3551 741 3610 Diodori
767 3560 934 3624 auctorem,
970 3553 1025 3611 sed
1060 3553 1100 3612 ad
1125 3554 1225 3630 ipsum
1248 3553 1417 3611 Diodorum

278 3677 344 3714 esse
378 3654 582 3714 referendam,
630 3652 701 3730 Ipso
735 3653 817 3711 enirn
849 3652 1041 3712 Christianus
1068 3653 1281 3732 Volquardsen
1314 3673 1416 3731 quam-

278 3777 369 3835 quam
400 3758 431 3814 in
466 3754 638 3833 appendice
665 3755 697 3812 Il
728 3756 850 3833 singula
884 3776 984 3814 rerum
1017 3778 1035 3815 a
1068 3757 1206 3814 Diodoro
1238 3776 1417 3814 commemo-

279 3867 412 3918 ratarum
434 3870 571 3934 tempora
587 3856 814 3933 olympiadibus
831 3857 956 3916 definita
980 3858 1064 3915 iuxta
1087 3877 1123 3916 ea
1145 3858 1261 3934 posuit,
1286 3876 1364 3934 quae
1381 3878 1419 3916 ex

279 3959 473 4039 Thucydidis
495 3957 582 4016 libris
606 3957 756 4028 evadunt,
781 3966 882 4015 tamen
907 3958 937 4016 id
961 3979 1024 4016 non
1047 3957 1214 4035 perspexit,
1240 3958 1323 4036 quod
1345 3959 1416 4016 iarn-

281 4052 401 4141 pridem
415 4059 573 4118 Aruoldus
590 4057 737 4118 Schaeler
754 4055 923 4134 (derorum
945 4067 1014 4136 post
1037 4056 1118 4116 bella
1133 4058 1252 4136 persica
1267 4077 1363 4135 usque
1379 4059 1417 4117 ad

280 4245 483 4256 ...-

348 4362 374 4428 2)
393 4362 464 4413 Idem
483 4360 669 4412 Stedefeldtius
687 4377 719 4412 ex
737 4337 814 4412 Plus]
828 4361 923 4411 Pericl.
942 4377 998 4426 cap.
1018 4363 1117 4412 16-23
1135 4359 1344 4411 concludendum
1362 4374 1419 4410 esse

280 4449 349 4498 dixit
366 4447 395 4496 in
414 4445 501 4512 Sybel.
520 4445 586 4498 diat.
604 4445 667 4494 hist.
686 4445 739 4496 vol.
759 4448 799 4496 18.
811 4462 835 4512 p.
856 4447 911 4496 rto.
