3252 5108
734 275 942 339 -1g„.

262 445 816 526 πρὸςτὴνἐκκληςίαντετραμμένων
844 445 1036 520 διελέγοντο.
1075 447 1337 523 δημηγοροῦντος
1368 444 1403 506 δὲ

262 547 352 612 --οἱ
382 551 566 626 ςτρατιῶται
596 548 713 611 πυλίδα
748 549 819 611 τινὰ
844 552 901 612 τοῦ
917 545 1113 626 Ἀλκιβιάδου
1125 551 1191 610 τῶν
1203 549 1403 625 ςτρατιωτῶν

263 655 365 715 κακῶς
407 650 525 714 ἔλαθον
568 649 727 714 διελόντες
769 650 820 712 καὶ
845 667 930 712 τινες
946 647 1105 712 διελόντες
1127 646 1244 710 πυλίδα
1259 647 1402 724 τναρειςὲη

263 751 457 816 εἰςελθόντες
494 750 654 829 ἠγόραζον
693 750 725 814 ἐς
762 752 819 828 τὴν
846 768 944 813 πεςον
961 747 1004 813 εἰς
1020 750 1078 827 τὴν
1094 747 1199 812 πόλιν.
1234 761 1236 766 ·

264 853 367 916 πόλιν.

342 995 479 1068 'Deinde
524 1006 693 1066 Alcibiadis
742 1008 846 1085 fugam
885 1008 928 1066 ita
973 1009 1073 1085 capite
1112 1007 1218 1084 quinto
1260 1005 1404 1064 describit

262 1110 432 1182 Diodorus,
473 1118 507 1168 ut
538 1109 603 1168 eius
636 1107 731 1168 verba
762 1107 914 1167 simillima
944 1128 1010 1166 esse
1044 1108 1094 1179 iis,
1125 1105 1235 1185 quibus
1258 1106 1403 1186 Thucydi

264 1210 317 1270 des
338 1212 360 1270 l.
383 1211 428 1271 VI
451 1232 476 1270 c.
501 1214 539 1271 61
568 1211 679 1281 utitur,
708 1210 918 1288 unusquisque
934 1209 1048 1267 videat.

451 1375 628 1442 Thucydides.
1048 1375 1195 1426 Diodorus.

306 1460 356 1523 καὶ
382 1459 400 1522 δ
428 1461 485 1539 μὲν
512 1459 597 1536 ἔχων
623 1460 681 1537 τὴν
703 1459 818 1522 ἑαυτοῦ
887 1459 1082 1538 Ἀλκιβιάδης
1126 1459 1202 1523 τοὺς
1242 1462 1400 1537 ςυνδιαβε-

263 1565 344 1625 ναῦν
377 1562 428 1625 καὶ
458 1561 488 1624 οἱ
521 1560 821 1640 ςυνδιαβεβλημένοι
846 1555 1032 1639 βλημένους
1060 1558 1234 1639 ἀναλαβὼν
1271 1560 1315 1624 εἰς
1345 1562 1402 1639 τὴν

171 1659 179 1663 ’
265 1663 430 1726 ἀπέπλεον
467 1663 545 1740 μετὰ
584 1665 639 1739 τῆς
687 1660 818 1738 (αλαμι-
846 1660 927 1726 ἰδίαν
954 1661 1064 1739 τρίηρη
1091 1663 1169 1739 μετὰ
1192 1665 1248 1738 τῆς
1270 1660 1401 1740 (αλαμι-

264 1764 333 1827 νίας
367 1763 401 1826 ἐκ
431 1767 486 1841 τῆς
521 1762 658 1833 (ικελίας
685 1762 729 1826 εἰς
762 1762 818 1825 τὰς
848 1764 918 1828 νίας
948 1762 1153 1828 ἐξέπλευςεν
1191 1763 1261 1826 ἐπεὶ
1293 1765 1329 1826 δὲ
1359 1763 1403 1826 εἰς

264 1865 412 1956 Ἀθήνας·
457 1865 507 1928 καὶ
541 1865 650 1943 ἐπειδὴ
691 1863 819 1939 ἐγένυν-
848 1865 1008 1943 Θουρίους
1024 1864 1236 1930 κατέπλευςεν
1252 1864 1403 1945 Ἀλκιβιά-

264 1988 301 2031 το
328 1966 363 2031 ἐν
390 1965 556 2048 Θουρίοις,
587 1966 692 2031 οὐκέτι
719 1965 819 2030 ςυνεί-
847 1971 903 2044 δης
918 1968 1075 2046 μετὰτῶν
1091 1965 1403 2046 ςυνδιαβεβλημένυιν

265 2089 385 2151 παντο,
422 2068 498 2132 ἀλλ’
528 2067 724 2132 ἀπελθόντες
755 2065 819 2130 ἀπὸ
847 2069 979 2147 διαδρὰς
1004 2069 1156 2132 ἐκποδὼν
1173 2069 1340 2146 ἐχωρίςθη·
1373 2067 1404 2131 οἱ

264 2172 320 2246 τῆς
341 2171 423 2234 νεὼς
445 2169 485 2233 οὐ
514 2170 652 2250 φανεροὶ
672 2169 760 2239 dccv.
790 2168 821 2231 oi
847 2170 881 2232 δ’
902 2169 937 2234 ἐν
959 2175 996 2252 τῇ
1013 2168 1184 2252 (αλαμινίᾳ
1198 2170 1251 2247 νηὶ
1264 2189 1403 2246 παραγε-

266 2271 299 2334 δ’
320 2271 354 2334 ἐκ
375 2274 430 2348 τῆς
453 2270 640 2346 (αλαμινίας
661 2271 741 2334 τέως
763 2272 820 2348 μὲν
848 2270 979 2348 νόμενοι
995 2271 1032 2334 τὸ
1049 2272 1106 2347 μὲν
1118 2267 1254 2349 ’πρῶτον
1270 2270 1404 2348 ἐζήτουν

266 2371 399 2449 ἐζήτουν
440 2372 499 2436 τὸν
539 2371 736 2450 Ἀλκιβιάδην
772 2371 821 2436 καὶ
846 2372 923 2435 τοὺς
945 2371 1017 2448 περὶ
1043 2371 1102 2434 τὸν
1124 2372 1334 2451 Ἀλκιβιάδην.
1359 2372 1404 2436 ὡς

265 2473 341 2537 τοὺς
357 2473 426 2552 μετ’
453 2473 569 2536 αὐτοῦ·
605 2473 650 2537 ὡς
672 2473 705 2536 δ’
726 2472 820 2536 οὐδα-
848 2473 881 2536 δ’
902 2471 963 2550 οὐχ
985 2471 1128 2551 εὕριςκον
1144 2472 1405 2538 ἀποπλεύςαντες

266 2578 327 2654 μοῡ
343 2577 481 2654 φανεροὶ
502 2574 580 2653 ἦςαν
597 2575 723 2656 ᾤχοντο
740 2574 820 2638 ἀπο·
848 2574 892 2638 είς
913 2574 1046 2652 Ἀθήνας
1075 2580 1120 2659 τῷ
1142 2575 1231 2658 δήμῳ
1253 2574 1402 2654 ἀπήγγει-

266 2676 430 2740 πλέοντες.
849 2680 908 2742 λαν
925 2677 964 2740 τὰ
979 2677 1197 2756 πεπραγμένα.

351 2847 439 2908 Haec
461 2868 584 2927 quoque
607 2851 688 2909 inter
702 2869 736 2908 se
758 2858 829 2907 sunt
852 2849 1076 2927 comparanda:

388 2997 512 3062 Thucyd:
525 2996 542 3046 l.
560 2997 599 3046 VI
617 3013 639 3046 c.
658 2999 698 3047 64.
1033 2996 1138 3047 Diodor
1156 3013 1178 3046 c.
1196 2999 1219 3046 6,

309 3099 487 3178 πέμπουςιν
515 3097 618 3176 ἄνδρα
655 3097 738 3177 ςςρίςι
765 3097 822 3174 μὲν
890 3095 1065 3175 πέμπουςιν
1092 3095 1194 3175 ἄνδρα
1223 3097 1402 3164 Καταναῖον

267 3199 462 3281 πιςτόν,τοῖς
474 3199 717 3277 δὲίυρακοςίιυν
729 3200 819 3276 ςτρα-
849 3198 976 3263 ἑαυτοῖς
992 3200 1049 3278 μὲν
1063 3199 1186 3278 πιςτόν,
1204 3204 1273 3264 τοῖς
1290 3202 1325 3264 δὲ
1341 3207 1406 3264 τῶν

266 3303 375 3379 τηγοῑς
390 3299 451 3379 οὐχ
474 3299 570 3378 ἧττον
587 3301 775 3379 ἐπιτήδειον.
851 3299 1052 3378 (υρακοςίιυν
1094 3304 1280 3379 ςτρατηγοῑς
1316 3306 1406 3364 πιθα-

850 3401 917 3466 νόν.

352 3541 394 3601 At
415 3563 487 3602 vcro
516 3562 583 3600 cum
609 3542 657 3600 his
680 3540 810 3600 Diodori
839 3540 941 3600 verbis
970 3542 1137 3601 arctissime
1166 3563 1202 3600 ea
1231 3542 1406 3614 cohaerent,

268 3664 347 3720 quae
375 3643 457 3720 apud
486 3643 703 3722 Thucydidem
731 3661 882 3720 nusquam
920 3644 1130 3702 inveniuntur.
1173 3645 1209 3701 ln
1237 3643 1298 3702 fine
1327 3644 1408 3702 enim

268 3745 382 3821 capitis
399 3745 520 3821 septimi
542 3743 750 3802 Athenienses
767 3744 958 3824 Polychnam
983 3763 1149 3822 occupasse
1172 3744 1308 3803 etflcvis
1334 3754 1407 3804 tem-

269 3846 352 3923 plum
374 3865 458 3903 muro
482 3845 612 3903 cinxisse
635 3854 786 3903 narratur.
876 3916 878 3918 Ι

353 3962 419 4022 Iam
433 3963 507 4021 inde
530 3982 548 4020 a
570 3963 671 4040 capite
699 3970 806 4020 octavo
835 3961 1052 4021 similitudines
1081 3963 1164 4020 inter
1185 3963 1355 4021 Diodorum
1379 3971 1410 4020 et

268 4064 484 4143 Thucydidem
515 4063 620 4123 nullae
653 4064 868 4142 reperiuntur,
908 4064 1000 4122 immo
1033 4083 1105 4123 vero
1139 4063 1290 4141 plurimae
1324 4063 1408 4122 diffe-

269 4167 399 4226 seutiae.

352 4285 432 4344 Nam
454 4285 585 4363 primum
607 4285 732 4362 quidem
754 4286 785 4342 in
809 4283 910 4361 capite
933 4285 951 4342 8
979 4283 1167 4342 Lamachum
1202 4284 1363 4362 eruptione
1392 4304 1410 4340 a

271 4387 407 4471 Gylippc
436 4386 681 4448 Lacedaemonio
710 4385 792 4448 facta
821 4385 1014 4448 interfectum
1050 4402 1117 4444 esse
1150 4391 1305 4456 narratur,
1343 4403 1410 4442 cum
