3252 5108
737 1215 816 1296 ΠΙ.

262 1401 365 1476 Unde
390 1401 570 1475 Diodorus
596 1401 731 1497 Pyrrhi
762 1403 859 1498 regis
884 1402 1080 1476 historiam
1105 1400 1284 1474 hauserit.
1330 1425 1336 1436 ¹

288 1607 355 1666 Iam
376 1626 449 1667 vcro
472 1606 512 1667 ad
534 1604 647 1664 librum
661 1607 838 1666 vicesimum
853 1606 982 1667 alterum
1004 1617 1195 1667 transeamus
1210 1614 1342 1664 tractan-

204 1707 289 1781 dum,
313 1708 346 1766 in
369 1726 428 1785 quo
444 1726 492 1766 res
507 1707 697 1786 potissimum
720 1708 872 1788 aPyrrho
894 1728 967 1786 rege
990 1717 1096 1788 gestae
1119 1705 1342 1790 describuntur.

203 1807 272 1886 Quo
294 1808 361 1868 loco
384 1808 494 1886 quibus
510 1808 648 1868 fontibus
669 1829 742 1868 usus
763 1810 803 1868 sit
817 1809 982 1881 Diodorus,
1006 1815 1188 1887 quaerentes
1200 1829 1246 1881 ea,
1263 1827 1343 1886 quae

201 1918 293 1968 antea
315 1909 373 1967 hac
396 1909 435 1968 de
458 1929 491 1968 re
513 1931 532 1969 a
554 1911 628 1968 viris
652 1910 749 1969 doctis
778 1910 860 1970 dicta
887 1920 973 1983 sunt,
997 1929 1121 1989 prorsus
1149 1910 1215 1970 fere
1237 1909 1341 1988 negle-

201 2029 306 2088 gamus
330 2029 456 2070 neccsse
480 2019 534 2069 est.
567 2005 727 2087 Omnes⁴⁹)
753 2012 849 2084 enim,
873 2010 983 2090 quibus
1005 2011 1136 2069 Diodori
1164 2030 1341 2070 commemo·

201 2112 291 2171 randi
314 2112 432 2171 occasio
457 2109 622 2190 obtigerat,
651 2111 683 2171 id
714 2112 838 2189 quidem
865 2132 920 2191 pro
944 2120 1026 2171 certo
1049 2111 1237 2185 habueruut,
1267 2112 1341 2170 Dio·

202 2213 309 2273 dorum
337 2214 370 2272 in
393 2212 484 2272 rebus
512 2233 530 2271 a
553 2213 673 2293 Pyrrho
697 2214 790 2291 gestis
819 2212 980 2272 narrandis
1002 2232 1097 2271 unum
1119 2213 1343 2292 Hieronymum

200 2322 336 2374 secutum
358 2332 425 2373 esse
448 2313 564 2374 ducem.
595 2313 699 2392 Atque
721 2313 874 2374 Heuricus
896 2314 1020 2392 quidem
1040 2313 1133 2374 Peter
1141 2309 1197 2392 Μ’),
1221 2315 1274 2394 qui
1296 2335 1341 2374 re-

201 2415 375 2475 centissime
397 2415 455 2474 hac
478 2414 517 2475 de
540 2435 573 2474 re
601 2416 680 2494 egit,
703 2415 891 2496 ,ubicumque
922 2417 1003 2475 inter
1024 2415 1197 2476 Diodorum
1219 2425 1250 2476 et
1270 2416 1341 2475 Plu-

199 2517 338 2576 tarchum
360 2526 466 2576 extare
487 2516 611 2576 videtur
626 2516 807 2591 similitudo,
830 2517 1029 2576 Plutarchum
1050 2517 1233 2596 Hieronymi
1247 2516 1342 2577 libros

201 2628 273 2680 ante
296 2618 399 2678 oculos
426 2617 570 2678 habuisse
592 2617 666 2677 inde
688 2619 858 2690 concludit,
882 2618 966 2696 quod
987 2617 1143 2677 Diodorus
1166 2618 1248 2678 hunc
1269 2621 1340 2678 seri-

201 2730 319 2799 ptorem
341 2720 538 2798 excerpserit.

284 2821 403 2880 Horum
425 2828 526 2880 autem
547 2820 696 2892 locorum,
727 2818 892 2897 inquibus
921 2820 1003 2880 inter
1023 2819 1195 2880 Diodorum
1218 2831 1248 2882 et
1269 2823 1341 2882 Plu·

199 2921 338 2982 tarchum
365 2920 558 2980 necessitudo
586 2921 737 3000 quaedam
769 2921 961 2982 intercedere
988 2922 1124 2997 videtur,
1154 2925 1186 2982 in
1215 2944 1341 2985 numero

200 3044 294 3083 unum
317 3031 398 3082 certe
421 3021 506 3081 nullo
528 3041 651 3101 prorsus
674 3023 740 3081 iure
762 3023 876 3084 habere
898 3025 998 3083 virum
1012 3023 1099 3083 illum
1119 3025 1241 3086 doctum
1256 3036 1340 3107 puto.

284 3123 316 3183 1s
347 3124 428 3184 enim
457 3143 527 3204 pag.
552 3125 590 3182 74
618 3125 663 3184 sio
690 3125 904 3186 ratiocinatur:
933 3121 1165 3204 Plutarchus⁵¹)
1196 3137 1226 3187 et
1248 3127 1341 3190 Vale·

201 3226 262 3284 rius
294 3220 491 3303 Maximus⁵²)
527 3245 593 3285 eam
629 3227 793 3300 rationem,
822 3247 883 3306 qua
914 3225 1091 3304 Antigonus
1123 3227 1156 3285 in
1189 3228 1341 3308 Pyrrhum

200 3334 351 3385 mortuum
381 3346 448 3386 sese
481 3328 622 3405 gesserit,
656 3348 779 3407 prorsus
811 3329 876 3388 fere
904 3328 1013 3387 codem
1035 3328 1124 3388 modo
1154 3329 1340 3390 describunt.

199 3427 295 3506 Atqui
320 3428 479 3506 Kempiius
493 3421 531 3505 53)
564 3429 659 3488 multa
686 3427 771 3506 (sici)
799 3451 818 3488 a
837 3429 962 3490 Valerio
991 3430 1123 3491 Maximo
1147 3451 1185 3491 ex
1210 3432 1341 3492 Diodori

127 3545 130 3551 ·
199 3527 285 3588 libris
319 3528 457 3588 desumto
491 3549 557 3590 esse
592 3530 825 3604 demonstravit,
861 3532 945 3592 unde
974 3532 1119 3612 colligere
1147 3531 1235 3593 nobis
1267 3534 1341 3593 licet

199 3630 258 3689 hoo
280 3649 401 3709 quoque
423 3630 491 3691 loco
514 3631 672 3694 Valerium
687 3633 855 3693 Maximum
877 3641 950 3694 ante
973 3635 1077 3696 oeulos
1099 3634 1243 3695 habuisse
1263 3637 1340 3695 Dio·

201 3731 268 3791 dori
290 3733 507 3794 narrationem.

266 3948 310 4015 49)
328 3949 481 4002 Brueclrner
498 3951 530 4003 de
548 3968 612 4018 usu,
632 3953 679 4020 qui
696 3953 852 4018 Hieronym.
870 3954 966 4007 histor.
989 3955 1071 4008 fuerit
1094 3957 1165 4023 apud
1183 3959 1340 4022 posterioris

200 4035 260 4085 aevi
277 4036 432 4101 scriptores,
452 4037 610 4090 Zeitsohrift
627 4039 670 4090 fiir
689 4039 730 4090 die
742 4038 1095 4093 Alterthumswissensohaft
1109 4045 1340 4110 turonensisc

199 4119 289 4186 flung,
309 4118 422 4182 Quellen
439 4119 569 4171 Plutarch
588 4139 653 4190 sp.
672 4127 712 4175 73.

267 4203 310 4270 50)
328 4204 421 4268 Peter,
441 4205 554 4267 Quellen
571 4207 644 4260 Plut.
663 4209 706 4259 fiir
723 4209 766 4260 die
783 4209 965 4276 Biographien
983 4209 1029 4261 der
1047 4211 1143 4263 Riimcr
1163 4230 1187 4279 p.
1207 4216 1247 4264 74.

266 4287 309 4353 51)
327 4287 398 4340 Plut.
417 4288 513 4354 Pyrrh.
531 4307 589 4358 cap.
607 4295 648 4344 34.

327 4374 387 4425 val,
404 4373 476 4424 Max.
495 4375 528 4438 V,
549 4379 572 4426 1.
670 4409 673 4414 ,

266 4375 298 4424 52

266 4374 309 4526 533
328 4460 357 4510 in
375 4458 476 4511 Valerii
493 4459 604 4512 Maximi
621 4463 749 4514 editionis
767 4479 829 4530 pag.
847 4469 879 4515 22
898 4467 980 4531 praef.
