3252 5108
777 1161 810 1242 Ι.

250 1323 333 1396 Non
359 1323 562 1402 Diodorum
588 1330 651 1403 sed
673 1329 862 1426 Ephorum
889 1331 1100 1428 Thucydide
1126 1357 1235 1407 usum
1261 1359 1340 1410 esse

653 1465 947 1540 demonstratur·

308 1649 376 1708 Hoc
398 1658 535 1728 tempore
557 1643 719 1745 haudsscio
743 1675 783 1713 an
806 1654 892 1713 nulla
914 1655 1095 1733 quaestione
1119 1678 1231 1730 eorum,
1256 1659 1310 1737 qui
1333 1659 1365 1717 in

223 1751 321 1810 literis
351 1751 477 1820 Graecis
499 1761 678 1826 versantur,
710 1755 805 1814 animi
832 1756 929 1834 magis
952 1756 1155 1816 sollicitentur
1178 1777 1269 1838 quam
1296 1759 1363 1832 hac,

223 1873 297 1910 num
318 1854 463 1931 scriptum
486 1853 563 1912 illud
578 1855 753 1932 nuperrime.
777 1877 793 1914 e
814 1857 919 1916 codice
935 1857 1075 1917 Parisino
1092 1879 1258 1933 excussum,
1283 1861 1366 1939 quod

224 1953 374 2014 Wescher
400 1953 587 2014 Aristodemi
620 1958 723 2014 nescio
757 1958 845 2015 cuius
878 1959 1002 2017 nomine
1033 1959 1266 2038 insigniendum
1299 1981 1365 2021 esse

223 2057 364 2136 putavit,
398 2056 532 2135 antiquis
561 2057 747 2135 temporibus
775 2060 976 2136 compositum
1009 2059 1067 2132 sit,
1104 2079 1165 2138 qua
1194 2061 1232 2120 de
1260 2082 1293 2120 re
1332 2071 1366 2121 ut

222 2167 304 2218 recte
327 2159 510 2230 iudicemuS,
541 2159 688 2237 imprimis
711 2160 743 2219 id
767 2168 812 2219 est
835 2160 1075 2238 respiciendum,
1105 2181 1179 2220 num
1209 2183 1245 2222 ea
1275 2163 1362 2236 ratio,

221 2279 284 2338 qua
305 2259 518 2318 Aristodemus
548 2260 614 2332 ille,
645 2261 698 2338 qui
724 2269 866 2333 vocatur,
897 2263 1076 2340 opusculum
1104 2283 1191 2322 suum
1215 2265 1363 2323 consarci-

221 2362 322 2434 navit,
347 2361 502 2438 conspiret
525 2369 555 2420 et
570 2370 719 2440 congruat
735 2383 802 2420 curn
819 2382 855 2422 ea
876 2363 1113 2436 consuetudine,
1137 2383 1229 2442 quam
1243 2373 1363 2424 veteres

221 2464 383 2541 scriptores
411 2462 443 2519 in
471 2462 634 2521 narrandis
662 2463 700 2520 iis
726 2463 830 2536 rebuS,
860 2463 971 2542 quibus
1001 2465 1060 2542 ipsi
1089 2484 1152 2522 non
1182 2465 1360 2539 interfuere,

220 2573 340 2624 secutos
364 2583 429 2623 esse
451 2565 525 2622 satis
548 2572 677 2623 constat.

305 2665 459 2744 Legentes
476 2665 558 2725 enim
573 2664 710 2724 libellum
722 2665 808 2725 illum
822 2698 858 2706 -
872 2666 975 2724 nescio
991 2673 1093 2724 utrum
1109 2686 1252 2743 graecum
1267 2669 1362 2727 nomi-

220 2789 291 2827 nem
319 2789 359 2827 an
387 2765 580 2826 barbaricum
603 2799 639 2808 -
663 2787 725 2826 non
762 2785 921 2845 possumus
950 2787 1014 2826 non
1042 2785 1189 2826 summam
1219 2769 1362 2829 admirari

220 2889 323 2930 curam
350 2877 443 2947 atque
478 2868 685 2944 diligentiam,
724 2888 784 2947 qua
813 2876 983 2927 ceterorum
1010 2869 1191 2946 scriptorum
1220 2870 1362 2948 operibus

219 2973 263 3031 ita
285 2990 356 3029 usus
381 2978 425 3028 est
441 2968 666 3042 Aristodemus,
691 2979 725 3028 ut
741 2970 934 3042 Germaniae,
953 2971 1051 3049 qualis
1074 2978 1147 3028 ante
1169 2970 1225 3028 hos
1248 2992 1361 3049 paucos

219 3091 318 3132 annos
340 3071 418 3142 fuit,
443 3069 578 3131 tabulam
601 3071 837 3150 geographicam
865 3072 1041 3149 conspicere
1075 3071 1163 3130 nobis
1192 3071 1361 3132 videamur.

219 3173 319 3252 Quid,
344 3173 427 3251 quod
449 3172 489 3231 ad
504 3192 599 3231 unum
615 3175 808 3232 enuntiatum
830 3173 1024 3232 formandum
1045 3172 1128 3232 haud
1149 3173 1244 3232 semel
1258 3173 1361 3251 plures

218 3278 321 3334 fontes
350 3282 421 3332 sunt
450 3273 591 3333 adhibiti.
636 3275 673 3334 Id
696 3295 768 3333 vero
791 3282 909 3334 tantum
942 3273 1045 3345 abest,
1076 3281 1110 3332 ut
1133 3293 1200 3332 cum
1222 3283 1360 3333 veterum

217 3379 250 3437 in
280 3375 441 3435 scribendo
475 3375 596 3435 ratione
625 3385 787 3453 congruat,
817 3384 852 3434 ut
879 3395 1002 3454 prorsus
1034 3377 1062 3433 ei
1090 3377 1129 3434 sit
1158 3377 1357 3452 contrarium;

217 3479 301 3558 quod
330 3477 468 3556 pluribus
501 3497 656 3556 exponere
690 3479 814 3536 minime
850 3486 895 3536 est
929 3476 1148 3547 necessarium,
1184 3496 1251 3534 cum
1280 3476 1361 3535 inter

217 3601 336 3652 omnes,
367 3581 419 3657 qui
447 3579 479 3636 in
507 3578 564 3636 hoc
592 3579 750 3638 literarum
779 3598 893 3656 genere
926 3585 1100 3650 versantur,
1127 3578 1205 3645 ‚satis
1233 3585 1360 3651 constet,

217 3693 354 3746 veterum
377 3682 556 3758 scriptorum
574 3663 640 3752 ree,
665 3700 745 3759 quae
773 3681 908 3758 ipsorum
937 3687 1038 3739 aetate
1066 3701 1129 3738 non
1152 3687 1256 3757 gestae
1279 3689 1359 3742 sunt,

217 3784 408 3847 narrantium
431 3802 498 3840 eam
520 3781 614 3839 fuisse
637 3782 903 3854 consuetudinem,
933 3790 967 3841 ut
988 3803 1083 3840 unum
1105 3782 1283 3860 plerumque
1307 3782 1360 3840 du-

217 3910 284 3949 cem
305 3891 522 3964 sequerentur,
546 3903 607 3942 uno
632 3883 780 3962 scriptore
802 3893 956 3962 tamquam
973 3884 1174 3942 fundamento
1190 3892 1360 3942 uterentur.

302 3987 370 4047 Hac
393 3994 494 4044 autem
516 3986 636 4045 ratione
659 3986 810 4044 minorum
838 4006 913 4045 sane
935 3987 1072 4064 gentium
1099 3985 1261 4062 scriptores
1284 3985 1359 4044 Dio·

220 4093 342 4161 dorum,
367 4086 578 4160 Plutarchum,
603 4086 796 4166 Appianum,
827 4087 962 4159 Livium,
992 4086 1116 4144 minime
1138 4079 1267 4145 maiores
1290 4107 1360 4146 usos

213 4212 282 4254 esse
304 4210 344 4250 ne
360 4189 427 4268 quis
444 4188 538 4262 dicat,
562 4189 613 4248 vel
629 4210 706 4262 eum,
730 4207 790 4266 quo
806 4195 928 4267 praeter
942 4187 1175 4266 Theopompum
1190 4195 1221 4246 et
1235 4187 1358 4268 Thucy-

216 4293 321 4354 didem
338 4289 468 4351 Graecia
484 4289 602 4349 nullum
618 4291 689 4350 tulit
704 4309 805 4348 rerum
820 4289 998 4368 scriptorem
1014 4307 1115 4366 neque
1132 4287 1358 4366 diligentiorem

214 4414 319 4473 neque
343 4391 600 4470 eloquentiorem,
629 4390 788 4471 Ephorum
808 4391 901 4464 dico,
932 4389 1069 4450 inbelle
1091 4389 1356 4469 Peloponnesiaco
