3252 5108
758 339 966 403 „68-

290 541 308 578 a
330 521 459 579 veritate
483 517 643 577 defecisse.
673 515 851 574 Dolendum
874 520 975 572 autem
997 521 1056 584 est,
1085 511 1169 590 quod
1190 511 1212 569 ii
1227 511 1345 572 Philini
1360 512 1431 585 loci,

290 621 399 698 quibus
415 617 563 699 Polybius
584 618 626 690 id,
644 618 725 696 quod
750 616 788 674 de
811 635 847 674 eo
871 615 959 686 dixit,
990 612 1122 690 probare
1144 612 1275 686 studuit,
1301 613 1333 672 in
1355 613 1431 671 Dio·

291 721 358 780 dori
374 719 553 798 fragmentis
568 739 631 779 non
654 717 870 796 respiciuntur,
893 714 936 774 ite
958 723 1070 773 utnon
1092 713 1255 791 esingulis
1277 713 1324 773 his
1345 715 1432 788 locis,

289 821 345 880 sed
367 841 406 881 ex
428 829 492 894 tota
515 841 551 880 ea
574 821 709 891 ratione,
738 838 800 896 qua
821 808 977 875 Diodorus
1006 814 1121 874 bellum
1142 815 1295 874 Punicum
1318 815 1432 875 descri-

290 924 365 1001 psit,
394 921 551 980 Philinum
578 920 616 980 ab
640 941 676 980 eo
706 927 883 996 excerptum
911 936 979 976 esse
1009 915 1192 975 concludere
1221 923 1253 976 et
1280 917 1433 994 possimus

291 1032 321 1083 et
344 1022 521 1083 debeamus.

373 1121 535 1184 Accedunt
556 1143 629 1183 vcro
653 1122 713 1182 alia
734 1140 858 1200 quoque
880 1126 1061 1198 argumenta
1082 1119 1122 1178 ad
1144 1117 1224 1178 hanc
1245 1120 1433 1179 sententiam

289 1225 481 1304 probandam
513 1224 636 1284 idonea.
680 1223 760 1282 Nam
794 1222 852 1280 hoc
883 1220 952 1280 loco
987 1221 1089 1280 omnia
1121 1220 1210 1279 nobis
1243 1218 1315 1280 licet
1343 1240 1431 1300 repe-

289 1335 354 1386 tere
378 1347 427 1398 ca,
452 1345 532 1404 quae
554 1326 586 1384 in
608 1325 766 1403 superiore
788 1322 1010 1382 dissertationis
1031 1329 1119 1400 parte
1141 1321 1179 1380 de
1201 1321 1329 1380 Timaeo
1347 1321 1431 1380 dicta

290 1436 372 1487 sunt.
416 1423 520 1505 Atque
550 1433 622 1484 ante
651 1425 753 1483 omnia
780 1425 839 1484 hoc
865 1425 932 1482 loco
956 1424 988 1482 id
1015 1422 1170 1482 recordari
1193 1422 1354 1496 debemus,
1380 1443 1430 1482 res

272 1507 408 1588 'Siculas
430 1527 601 1586 Diodorum
630 1527 849 1606 plerumquee
888 1525 998 1584 Siculis
1030 1523 1230 1603 scriptoribus
1254 1524 1428 1600 desumere;

292 1629 406 1688 deinde
435 1625 565 1700 omnia,x
582 1647 662 1706 qnae
685 1637 758 1688 tunc
780 1629 813 1686 in
837 1626 942 1687 Sicilia
971 1628 1052 1686 facta
1079 1633 1164 1698 sunt,
1197 1625 1431 1704 diligentissime

290 1731 472 1803 afferuntur,
497 1728 638 1807 singulae
661 1728 767 1800 urbes,
798 1748 878 1806 quae
901 1734 955 1786 aut
976 1748 995 1786 a
1017 1727 1163 1786 Romanis
1186 1733 1239 1786 aut
1262 1749 1280 1786 a
1303 1724 1430 1785 Cartha-

290 1831 481 1908 giniensibus
511 1839 708 1910 oppugnatae
738 1837 768 1889 et
796 1837 991 1909 expugnatae
1017 1837 1111 1900 sunt,
1147 1836 1429 1901 commemorantur,

290 1933 392 1991 omnia
415 1933 562 2010 denique,
587 1951 667 2009 quae
690 1930 861 1990 aDiodoro
886 1929 924 1988 de
947 1929 998 1987 illo
1021 1927 1103 1988 bello
1127 1931 1159 1987 in
1183 1929 1288 1988 Sicilia
1310 1929 1431 2008 potissi·

246 2045 250 2054 '
289 2054 370 2092 mum
393 2041 478 2111 gesto
501 2041 677 2103 narrantur,
702 2033 744 2090 ita
766 2040 839 2090 suut
861 2039 1051 2108 comparata,
1080 2039 1114 2090 ut
1137 2032 1177 2090 ad
1200 2030 1336 2089 Siculum
1358 2033 1430 2090 seri·

289 2142 407 2213 ptorem
429 2135 536 2212 utique
557 2134 722 2192 videantur
745 2153 810 2191 esse
833 2131 1006 2191 referenda.
1038 2131 1154 2191 Summi
1169 2139 1271 2191 autem
1286 2134 1431 2190 momenti

288 2235 321 2294 id
343 2254 466 2313 quoque
496 2243 555 2306 cst,
585 2234 669 2313 quod
696 2232 852 2294 Diodorus
880 2234 946 2311 ipse
973 2232 1019 2292 bis
1049 2233 1088 2292 ad
1121 2233 1236 2291 Philini
1267 2235 1430 2292 auctorita-

288 2345 350 2395 tem
372 2342 527 2413 provocat.

375 2437 464 2514 Quae
487 2457 555 2496 cnm
576 2436 620 2494 ita
642 2435 712 2506 sint,
737 2435 789 2493 vix
812 2435 937 2494 dubium
961 2443 1021 2508 est,
1045 2437 1121 2514 quin
1143 2435 1299 2495 Diodorus
1322 2438 1354 2495 in
1378 2437 1429 2496 de·

288 2538 451 2598 scribendo
490 2537 572 2596 bello
604 2537 723 2596 Punico
758 2538 855 2617 primo
882 2536 1040 2596 Philinum
1072 2537 1313 2616 Agrigentinum
1344 2559 1429 2598 secu-

290 2649 338 2699 tus
359 2641 410 2715 sit.
891 2653 895 2658 '

373 2741 440 2799 Iam
471 2761 544 2800 vero
578 2760 651 2799 num
683 2740 756 2799 sola
781 2740 858 2798 haec
891 2740 1022 2799 Diodori
1056 2742 1241 2819 fragmenta,
1277 2759 1356 2819 quae
1389 2743 1430 2802 ad

289 2841 404 2900 bellum
419 2841 570 2900 Punicum
586 2842 716 2919 primum
738 2842 909 2918 pertinent,
934 2841 973 2900 ad
989 2841 1147 2900 Philinum
1169 2843 1231 2900 sint
1254 2843 1428 2915 referenda,

288 2951 473 3020 quaerentes
495 2941 652 3020 complura
663 2951 824 3020 praeterea
846 2943 907 3002 alia
925 2944 1096 3020 fragmenta
1119 2943 1274 3014 ePhiliuo
1291 2942 1430 3003 desumta

290 3064 355 3104 esse
378 3044 582 3104 inveniemus.
606 3041 682 3102 Cum
697 3044 779 3102 enim
795 3064 811 3102 e
826 3043 880 3101 lib.
896 3042 1012 3101 XXIII
1034 3043 1205 3122 fragmento
1222 3045 1261 3100 ‘22
1280 3041 1428 3124 (excerpt.

291 3146 320 3204 d.
343 3146 412 3207 virt.
437 3153 467 3206 et
489 3147 542 3204 vit.
566 3165 636 3224 pag.
666 3142 740 3220 565)
777 3154 808 3204 et
837 3165 853 3203 e
881 3145 934 3203 lib.
963 3144 1077 3204 XXIV
1113 3145 1293 3223 fragmentis
1323 3147 1428 3206 4615

289 3256 320 3305 et
341 3246 498 3306 Philinum
512 3247 717 3306 Hamilcarem
732 3247 860 3306 Barcam
882 3265 1073 3324 summopere
1101 3247 1283 3306 admiratum
1306 3268 1371 3306 esse
1400 3259 1431 3308 et

295 3349 360 3407 eius
394 3368 491 3407 mores
519 3368 630 3427 resque
658 3357 758 3425 gestas
787 3349 909 3407 summis
937 3345 1080 3406 laudibus
1115 3349 1244 3407 extulise
1270 3360 1428 3429 appareat,

287 3449 341 3508 lib.
365 3449 459 3508 XXV
486 3469 609 3528 quoque
624 3449 797 3527 fragmenta
812 3451 840 3520 8,
866 3450 894 3521 9,
921 3451 968 3520 10,
994 3451 1042 3520 11,
1070 3450 1107 3506 12
1133 3447 1280 3527 (excerpt.
1304 3449 1334 3508 d.
1358 3452 1429 3510 virt.

289 3559 319 3609 et
334 3552 387 3609 vit.
411 3571 441 3628 p.
459 3552 535 3622 567,
566 3571 631 3609 exc.
654 3551 745 3610 vatic.
767 3571 797 3628 p.
815 3552 870 3622 56,
896 3571 960 3610 exc.
983 3550 1147 3609 Hoeschel.
1170 3571 1201 3629 p.
1219 3552 1281 3609 510
1304 3559 1333 3610 et
1356 3554 1428 3625 511,

289 3672 353 3720 exc.
377 3651 468 3711 vatic.
491 3671 522 3728 p.
547 3654 600 3724 56,
626 3651 836 3711 eonoesoh.
860 3673 890 3729 p.
907 3653 983 3724 511,
1009 3648 1094 3728 512.)
1119 3651 1158 3710 ad
1182 3671 1250 3710 eum
1273 3654 1429 3729 pertinere

289 3751 453 3811 verisimile
469 3760 523 3824 est,
548 3755 662 3830 quippe
685 3752 795 3830 quibus
812 3753 951 3812 omnibus
964 3752 1146 3813 Hamilcaris
1162 3752 1270 3819 laudes
1292 3757 1428 3814 coutine-

288 3863 389 3913 antur.
426 3854 684 3914 Luculentissime
707 3863 809 3914 autem
832 3855 908 3913 hace
929 3854 1052 3931 singula
1074 3854 1247 3932 fragmenta
1262 3854 1430 3916 arctissime

290 3956 452 4015 cohaerere
468 3957 549 4014 inter
576 3975 609 4015 se
625 3964 655 4014 et
678 3960 717 4014 ax
739 3954 847 4014 eodem
862 3955 947 4014 fonte
964 3954 1103 4014 desumta
1125 3975 1191 4014 esse
1214 3975 1253 4013 ex
1275 3956 1312 4014 iis
1328 3957 1430 4016 verbis

289 4057 494 4134 cognoscitur,
520 4077 600 4135 quae
615 4057 772 4116 Diodorus
787 4055 840 4116 lib.
856 4057 951 4116 XXV
966 4058 1138 4135 fragmento
1163 4059 1211 4128 10,
1234 4075 1295 4135 quo
1311 4057 1429 4117 Hamil-

289 4158 366 4215 caris
389 4158 488 4217 exitus
512 4157 705 4231 describitur,
730 4158 855 4218 adiecit:

373 4253 518 4332 Ἀμίλκα(
539 4257 594 4334 μὲν
617 4253 676 4319 οὗν
704 4255 816 4333 καίπερ
843 4258 977 4320 nolluit
998 4256 1078 4320 ἔτεει
1097 4255 1258 4334 πρότερον
1278 4259 1335 4335 τῆς
1355 4258 1430 4336 ἡμε-

162 4424 180 4448 ,
288 4357 381 4434 τέρα(
411 4353 531 4432 ἡλικία(
560 4357 791 4434 τετελευτηκὼε
827 4357 926 4434 ἐχέτω
958 4358 1047 4435 παρὰ
1071 4360 1126 4434 τῆ(
1156 4355 1293 4434 ἱετορίαε
1320 4357 1429 4438 ὥςπερ

290 4457 460 4538 ἐπιτάφιον
476 4458 534 4522 τὸν
548 4455 631 4523 ἴδιον
648 4456 793 4523 ἔπαινον.
