3252 5108
763 317 971 380 ..70-

297 493 435 552 desumta
468 513 535 551 esse
572 491 826 562 luculentissime,
857 493 882 549 si
912 491 1049 568 singulos
1070 491 1153 550 loeos
1182 492 1263 550 inter
1290 513 1323 550 se
1358 514 1437 552 eom-

297 595 518 672 paraverimus,
549 593 690 652 elucebit.
719 591 802 650 Ante
832 593 933 650 omnia
963 592 1045 650 enim
1077 592 1199 650 videtur
1231 595 1361 652 alterum
1382 594 1437 652 lib.

296 697 390 754 XXV
413 697 615 772 fragmentum
639 690 718 769 (exc.
734 693 867 752 Hoeseh.
891 713 921 770 p.
939 690 1012 769 509)
1037 693 1259 752 eonferendum
1282 715 1347 753 esse
1370 716 1438 753 eum

298 796 544 856 duodevicesima
566 793 760 872 paragrapho
782 793 835 852 lib.
858 794 875 851 I
897 815 963 872 cap.
981 795 1019 852 67
1043 793 1177 873 Polybii.
1207 794 1313 854 Verba
1335 804 1438 854 autem

296 898 373 956 haee
395 906 475 956 sunt.

504 1028 643 1092 Polybius.
1085 1027 1229 1078 Diodorus.

340 1131 417 1209 ῆςαν
443 1131 505 1207 γὰρ
532 1128 562 1193 οἱ
589 1130 646 1208 μὲν
660 1129 794 1208 Ἴβηρες,
822 1128 853 1191 οἱ
922 1127 1067 1205 ὑπῆρχον
1083 1127 1145 1204 γὰρ
1168 1127 1199 1190 οἱ
1220 1129 1298 1207 μετὰ
1315 1129 1434 1207 Καρχη-

298 1235 333 1297 δὲ
351 1233 476 1312 Κελτοὶ,
506 1231 590 1294 τινές
620 1231 655 1293 δὲ
676 1231 853 1304 Λιγυςτῑνοι
881 1229 999 1293 δονίων
1021 1228 1284 1306 ςτρατευςάμενοι
1307 1230 1437 1310 Ἴβηρες,

298 1335 349 1398 καί
380 1335 545 1409 Βαλιαρεῑς
559 1379 568 1411 ,
599 1330 657 1394 οὐκ
684 1329 788 1404 ὀλίγοι
819 1331 854 1392 δὲ
883 1330 1008 1410 Κελτοὶ,
1032 1331 1217 1410 Βαλεαρεῑς,
1248 1331 1437 1412 Λιγυςτῑνοι,

299 1434 490 1513 μιξέλληνες,
518 1431 564 1496 ὧν
594 1431 625 1494 oi
646 1431 777 1496 πλείου(
799 1430 853 1494 αὐ·
881 1430 1026 1494 Φοίνικες
1042 1432 1093 1494 καὶ
1114 1431 1296 1510 μιξέλληνες
1312 1434 1437 1513 δοῦλοι,

299 1536 431 1614 τόμολοι
452 1533 501 1597 καὶ
517 1535 640 1596 δοῦλοι.
667 1533 705 1596 τό
720 1533 755 1596 δέ
771 1533 854 1611 μέγι-
882 1532 914 1596 οἳ
929 1533 979 1595 καὶ
994 1530 1190 1613 ἐςταςίαςαν,
1212 1531 1330 1610 Λίβυες.

299 1657 372 1701 ςτον
387 1636 483 1714 μέρος
498 1633 603 1698 αὐτῶν
619 1633 659 1711 ἦν
675 1631 792 1712 Λίβυες.

382 1808 507 1867 Deinde
529 1807 695 1884 insequens
719 1807 923 1882 fragmentum
947 1803 1024 1880 (exe.
1049 1806 1079 1864 d.
1095 1807 1165 1865 virt.
1190 1815 1220 1864 et
1242 1807 1294 1864 vit.
1312 1826 1342 1884 p.
1359 1808 1436 1882 567)

300 1918 492 1988 comparetur
512 1928 580 1966 eum
602 1908 719 1966 decima
731 1906 854 1986 l'olyhii
869 1907 1062 1985 paragrapho
1073 1907 1128 1966 lib.
1145 1907 1160 1965 I
1177 1927 1244 1985 cap.
1260 1909 1312 1968 81.

507 2056 646 2122 Polybius.
1089 2056 1234 2107 Diodorus.

341 2163 423 2238 apoc
448 2160 524 2223 τοὺς
552 2157 741 2238 ἠςεβηκότας
762 2157 854 2233 κήρυ·
924 2157 955 2220 οἱ
978 2157 1186 2235 Καρχηδόνιοι
1214 2157 1437 2224 έξαπέςτειλαν

300 2261 600 2327 καςέξαπέςτελλον
621 2260 769 2336 περὶτῆς
790 2261 855 2321 τῶν
882 2259 964 2336 πρὸς
989 2259 1065 2323 τοὺς
1092 2257 1292 2323 ἀποςτάντας
1318 2261 1439 2337 κήρυκα

300 2365 424 2448 νεκρῶν
440 2360 644 2437 ἀναιρέςεως·
674 2358 705 2422 oi
721 2358 754 2421 δ’
781 2357 855 2421 οὔτε
881 2361 938 2438 τὴν
964 2365 1029 2425 τῶν
1056 2364 1180 2438 νεκρῶν
1205 2360 1364 2438 ἀναίρεςιν
1391 2359 1439 2424 αἰ-

300 2465 431 2542 έδοςαν,
453 2463 613 2538 προεῖπον
635 2479 669 2523 τε
691 2462 759 2523 τοῖς
775 2478 854 2535 παρ·
881 2461 1046 2539 τούμενοι·
1071 2463 1102 2525 οἱ
1123 2463 1158 2527 δὲ
1173 2463 1246 2540 περὶ
1260 2463 1319 2526 τὸν
1335 2461 1437 2525 (πόν-

301 2570 381 2645 οῦςι,
397 2565 474 2643 μήτε
486 2562 606 2639 κήρυκα
622 2561 758 2636 πέμπειν
774 2560 855 2637 πρὸς
882 2567 952 2627 διον
978 2563 1132 2641 ἡγεμόνες
1161 2563 1356 2628 ἐντείνοντες
1379 2565 1439 2641 τὴν

301 2669 382 2744 ςφᾶς
409 2665 485 2742 μήτε
512 2663 706 2741 πρεςβευτὴν
734 2661 778 2725 ἀις
800 2665 856 2738 τῆς
882 2663 1097 2742 ἀποθηρίωςιν
1121 2665 1216 2744 (conf.
1241 2669 1307 2727 Pol.
1332 2669 1361 2738 I,
1388 2670 1438 2740 79,

301 2769 398 2842 αὐτῆς
433 2763 595 2827 κολάςεως
636 2762 856 2840 ὑπομενούςης
886 2772 919 2826 11
942 2766 986 2830 ὡς
1002 2767 1046 2830 είς
1061 2766 1155 2830 τέλος
1170 2764 1440 2846 ἀποθηριώςαιεν)

300 2869 376 2930 τοὺς
401 2863 700 2944 παραγενομένους,
733 2861 770 2940 ἧς
796 2867 855 2927 νῦν
884 2868 923 2930 οὐ
947 2868 1048 2946 μόνον
1065 2868 1219 2932 ἀντεῖπον
1231 2868 1304 2944 περὶ
1315 2870 1370 2944 τῆς
1385 2887 1437 2931 τα-

303 2968 424 3032 Γέςκιυν
440 2965 563 3042 έτυχεν.
884 2972 969 3051 φῆς,
1002 2969 1085 3032 ἀλλὰ
1115 2971 1166 3032 καὶ
1196 2969 1439 3046 διηπειλήςαντο

884 3071 989 3148 μηκέτι
1014 3071 1149 3148 πέμπειν
1177 3070 1298 3149 μηδένα
1319 3070 1440 3148 κήρυκα

884 3172 957 3250 περὶ
981 3172 1118 3250 μηδενὸς
1144 3173 1226 3250 πρὸς
1253 3170 1371 3235 αὑτοὺς
1394 3171 1440 3235 ὡς

884 3277 939 3350 τῆς
961 3272 1059 3350 αὐτῆς
1080 3273 1243 3338 κολάςειυς
1263 3271 1439 3351 γενομένης

882 3380 928 3457 τῷ
943 3374 1205 3458 παραγενομένῳ.

344 3478 426 3556 πρὸς
456 3478 491 3540 δὲ
522 3474 638 3538 λοιιιὸν
682 3474 856 3551 ἑδογματο-
927 3475 971 3538 εἰς
993 3477 1029 3539 δέ
1052 3476 1089 3540 τό
1112 3477 1227 3540 λοιπόν
1250 3475 1439 3554 ένομοτέθη-

302 3579 447 3656 ποίηςαν,
464 3578 503 3641 ὃν
520 3576 576 3655 μὲν
593 3575 632 3638 ἀν
649 3574 766 3654 λάβωςι
779 3574 856 3651 Καρ·
875 3596 958 3664 εον,
981 3581 1046 3641 τάιν
1062 3574 1272 3654 αἰχμαλώτων
1288 3576 1365 3639 τοὺς
1381 3577 1439 3654 μέν

303 3679 474 3759 χηδονίων,
486 3676 761 3756 τιμωρηςαμένους
777 3674 856 3738 ἀπο·
887 3678 1123 3756 Καρχηδονίους
1138 3681 1193 3755 τῆς
1213 3677 1311 3756 αὐτῆς
1327 3676 1438 3742 ἀξιοῦν

302 3780 452 3860 κτείνειν,
479 3779 517 3842 ὃν
534 3777 567 3841 δ’
595 3777 633 3840 ἀν
660 3784 725 3843 τῶν
742 3797 855 3855 ςυμμα-
884 3781 1049 3860 τιμωρίας,
1069 3779 1152 3842 τοὺς
1177 3780 1213 3842 δὲ
1240 3782 1438 3857 ςυμμαχοῦν-

303 3882 452 3961 χούντων
474 3879 602 3956 αὐτοῖς,
625 3877 858 3956 ἀποκόψαντος
884 3900 940 3943 τας
970 3879 1110 3946 Φοίνιξιν
1146 3883 1350 3958 χειροκοπεῑν
1390 3880 1442 3941 καὶ

302 3985 359 4046 τὰς
375 3985 483 4060 χεῖρας
499 3979 587 4043 αὖθις
610 3978 653 4043 εἰς
671 3979 858 4056 Καρχηδόνα
884 3980 1020 4056 πέμπειν
1056 3978 1365 4058 ἠκροτηριαςμένους
1395 3979 1439 4042 εἰς

303 4084 518 4161 ἀποπέμπειν.
884 4081 942 4157 τὴν
960 4081 1156 4158 Καρχηδόνα.

389 4237 512 4296 Summa
533 4255 655 4314 quoque
678 4235 844 4294 similitudo
868 4237 949 4294 inter
970 4245 1112 4314 quartum
1133 4235 1265 4308 Diodori
1289 4237 1441 4314 fragmen·

303 4351 368 4399 tum
402 4335 486 4413 (exe.
519 4338 609 4397 vatio.
633 4358 663 4416 p.
693 4336 751 4413 55)
788 4345 817 4395 et
850 4336 974 4418 Polybii
1015 4338 1241 4417 paragraphum
1270 4339 1309 4396 26
1343 4337 1397 4396 lib.
1427 4339 1443 4395 l

305 4462 372 4523 cap.
396 4440 436 4498 84
459 4439 630 4498 intercedit.
