3252 5108
756 315 966 378 ..48-

281 491 439 550 vissimum
455 498 500 550 est
517 523 557 532 -
572 499 625 549 aut
646 511 714 550 cum
725 491 856 548 Romani
878 469 985 549 aurum
1000 489 1184 568 praeberent
1200 488 1308 558 Gallis,
1325 488 1427 548 subito

283 591 421 650 adluisse
438 590 609 665 camillum,
637 599 690 651 aut
711 591 758 650 bis
780 610 941 668 superasse
957 589 1063 650 Gallos
1087 589 1222 649 exhibet.
1315 593 1316 596 ’

367 708 469 787 Atque
494 710 664 769 Diodorum
684 709 743 768 hoc
764 709 830 768 loco
860 729 934 768 vera
962 709 1070 768 afferre
1093 707 1218 788 Polybii
1247 710 1428 768 auctoritate

282 810 437 890 probatur,
464 813 517 890 qui
541 810 691 890 expressis
720 809 821 868 verbis
845 809 951 869 Gallos
979 809 1058 868 ultro
1088 809 1263 868 discessisse
1293 818 1322 868 et
1345 810 1426 868 inco-

282 912 381 971 lumes
404 912 437 971 in
460 914 591 991 patriam
613 912 743 971 rediisse
767 911 851 969 dicit.
1213 979 1215 984 Ι

369 1015 462 1092 Quod
484 1035 572 1086 vero,
598 1033 666 1072 cum
689 1011 772 1072 Galli
795 1012 994 1071 Etruscorum
1017 1011 1123 1072 urbem
1152 1012 1340 1084 obsiderent,
1372 1011 1427 1073 Oa·

283 1116 401 1174 millum
423 1137 530 1175 aurum
553 1115 630 1174 illud
651 1113 814 1173 abstulisse
835 1123 940 1172 narrat
953 1114 1126 1186 Diodorus,
1152 1114 1183 1172 id
1207 1134 1260 1192 pro
1276 1115 1428 1192 principio

282 1216 461 1276 habendum
490 1225 536 1276 est
569 1214 742 1274 fabularum
773 1215 910 1286 illarum,
946 1234 1006 1294 qua
1032 1215 1240 1274 Romanorum
1266 1216 1429 1293 scriptores

283 1318 378 1378 cladis
400 1318 491 1376 huius
507 1317 656 1376 maculam
678 1319 704 1375 si
719 1336 781 1377 non
798 1317 921 1375 omnino
945 1317 1143 1393 exstinguere
1165 1326 1205 1389 at,
1232 1324 1314 1375 certe
1336 1317 1428 1375 mini-

284 1439 364 1478 mam
386 1419 516 1479 reddere
539 1418 714 1478 studebant.

366 1536 476 1615 Neque
499 1537 598 1596 minor
619 1555 711 1614 quam
732 1531 880 1595 hocloco
903 1535 1077 1595 differentia
1099 1537 1181 1595 inter
1202 1536 1375 1595 Diodorum
1399 1544 1431 1594 et

284 1637 407 1697 Livium
430 1647 477 1698 est
499 1639 531 1697 in
554 1637 602 1709 iis,
627 1656 707 1716 quae
736 1636 878 1696 debello
902 1657 920 1696 a
942 1638 1088 1696 Romanis
1111 1657 1179 1696 cum
1201 1637 1321 1696 Latinis
1344 1645 1429 1715 gesto

284 1747 461 1811 narrantur.
498 1738 589 1800 Alter
617 1739 713 1810 enirn,
744 1737 914 1810 Diodorus,
938 1739 992 1796 lib.
1015 1738 1096 1798 XVI
1125 1759 1191 1816 cap.
1216 1739 1428 1798 90110ιὶ1οκ-

285 1840 372 1900 hibet
400 1841 461 1899 nisi
489 1840 561 1899 hoc:
599 1841 638 1900 Τ.
667 1838 784 1900 Manlio
815 1840 973 1918 Torquato
1002 1849 1033 1899 et
1061 1841 1096 1899 P.
1128 1841 1225 1900 Decio
1254 1839 1431 1900 consulibus

288 1942 462 2021 Campanos
486 1949 517 2001 et
538 1941 667 2000 Latinos
697 1941 780 2019 apud
803 1940 946 2000 Suessam
975 1940 1013 2028 ab
1042 1943 1138 2001 altero
1162 1943 1321 2002 consulum
1343 1943 1430 2001 Man·

174 2109 176 2115 ¹
284 2044 327 2102 lio
356 2043 461 2122 pulsos
494 2051 525 2102 et
558 2042 684 2102 dimidio
718 2062 861 2120 agrorum
895 2043 1029 2120 privatos
1062 2063 1140 2103 esse.
1180 2041 1257 2102 Cum
1284 2044 1331 2102 his
1358 2063 1431 2102 vero

284 2152 500 2224 comparentur
534 2164 584 2217 ea,
614 2163 694 2222 quae
723 2144 829 2202 Livius
857 2142 909 2202 lib.
935 2143 1017 2202 VIII
1039 2164 1106 2222 cap.
1132 2147 1149 2202 6
1179 2153 1209 2203 et
1231 2145 1431 2223 sequentibus

285 2248 422 2325 exponit.
452 2245 501 2305 Ibi
524 2247 606 2304 enirn
621 2245 751 2323 primum
765 2265 871 2323 pugna
899 2245 938 2303 ad
960 2244 1129 2303 Vesuvium
1157 2246 1239 2304 facta
1267 2266 1333 2305 esse
1357 2245 1431 2304 dici-

285 2355 349 2420 tur,
379 2349 411 2406 in
439 2367 500 2424 qua
522 2346 636 2405 Decius
676 2345 745 2404 Mus
773 2365 840 2404 sese
868 2345 976 2404 inferis
1006 2345 1063 2404 diis
1092 2347 1212 2404 voverit
1241 2356 1272 2404 et
1298 2346 1432 2405 Manlius

284 2449 386 2508 minor
418 2470 436 2507 a
469 2455 556 2525 patre
587 2455 714 2506 necatus
753 2447 803 2505 sit.
854 2447 1021 2506 Praeterea
1060 2456 1162 2506 autem
1194 2448 1233 2506 ad
1268 2448 1432 2506 Trifanum

286 2569 422 2628 quoque,
461 2549 544 2628 quod
579 2547 726 2627 oppidum
758 2568 854 2626 prope
884 2548 1061 2607 Sinuessam
1088 2550 1179 2608 situm
1207 2556 1267 2621 est,
1297 2569 1433 2626 pugnam

286 2674 304 2711 a
319 2651 466 2711 Romanis
489 2651 677 2710 commissam
700 2669 767 2709 esse
790 2671 857 2708 cum
879 2649 1001 2708 Latinis
1024 2671 1042 2708 a
1063 2649 1153 2709 Livio
1182 2658 1332 2709 narratur.

370 2770 412 2828 Et
433 2769 510 2828 haec
531 2768 656 2847 quidem
678 2768 757 2827 salsa
779 2787 846 2826 esse
875 2788 914 2827 ex
941 2768 979 2826 iis
1001 2768 1076 2846 ipsis
1106 2766 1196 2827 rebus
1227 2769 1431 2846 cognoscitur,

286 2891 362 2950 quas
384 2871 417 2929 in
439 2890 544 2947 pugna
567 2870 670 2946 priore
692 2869 788 2928 factas
812 2889 878 2928 esse
907 2889 925 2927 a
953 2869 1042 2928 Livio
1073 2870 1231 2944 traditur„
1258 2870 1337 2928 Nam
1365 2891 1434 2929 cunr

197 3001 199 3003 ·
287 2973 348 3031 alio
371 2971 496 3050 quidem
518 2978 656 3049 tempore
678 2989 786 3028 revera
806 2969 842 3028 P.
865 2971 995 3029 Decium
1024 2991 1092 3030 sese
1121 2966 1328 3048 devovisse44)
1361 2991 1433 3030 con-

286 3083 362 3147 stet,
398 3079 529 3152 apparet
562 3071 621 3130 hoc
653 3071 720 3129 loco
756 3090 820 3130 rem
853 3091 892 3130 ex
924 3073 1106 3130 contusione
1139 3072 1272 3150 quadam
1305 3075 1433 3133 narrari.

289 3177 381 3254 Quod
414 3183 517 3234 autem
547 3175 636 3234 Titus
667 3172 800 3232 Manlius
835 3172 946 3231 dicitur
977 3173 1073 3232 filium
1106 3193 1193 3232 suum
1226 3194 1366 3247 necasse,
1400 3175 1434 3233 id

286 3280 389 3338 fictum
412 3297 478 3336 esse
500 3276 623 3335 videtur
644 3277 684 3335 ad
700 3275 915 3354 explicandum
937 3275 1002 3333 eius
1019 3295 1189 3354 cognomen
1222 3277 1433 3354 ,‚imperiosi“.

287 3378 330 3438 At
352 3399 425 3438 vero
448 3377 506 3436 hoc
521 3376 706 3435 Manliorum
729 3381 899 3454 cognomen
917 3377 978 3435 iam
998 3385 1070 3436 ante
1093 3376 1176 3435 illam
1191 3398 1328 3456 pugnam
1343 3376 1432 3436 nobis

293 3481 424 3540 occurrit
446 3480 479 3539 in
502 3479 603 3537 fastis.

371 3597 495 3658 Deinde
518 3617 555 3656 ea
576 3596 769 3674 respicienda
795 3604 881 3669 sunt,
911 3616 990 3675 quae
1020 3597 1058 3657 do
1081 3597 1250 3656 Tuscorum
1272 3599 1304 3656 in
1328 3618 1435 3676 agrum

289 3703 462 3760 Romanum
487 3699 663 3758 incursione
689 3696 731 3756 M.
755 3697 852 3756 Fabio
881 3707 911 3757 et
933 3699 975 3757 M.
999 3698 1120 3776 Popilio
1150 3699 1327 3758 consulibus
1351 3701 1435 3757 facta

289 3825 308 3862 a
329 3802 468 3863 Diodoro
490 3799 543 3859 lib.
567 3799 645 3858 XVI
674 3819 740 3878 cap.
765 3801 804 3858 36
834 3808 865 3859 et
887 3819 905 3858 a
928 3800 1016 3859 Livio
1039 3800 1092 3859 lib.
1116 3800 1179 3858 VII
1209 3821 1275 3878 cap.
1302 3803 1339 3858 17
1364 3821 1432 3858 nar-

356 4103 399 4170 44)
416 4105 478 4154 Liv.
497 4106 541 4167 10,
559 4105 601 4154 27.
636 4101 759 4152 Ceterum
781 4101 940 4152 Gniliclmus
961 4102 1041 4164 Ihne,
1070 4102 1117 4166 qui
1139 4101 1191 4151 hoc
1217 4117 1288 4151 anno
1311 4101 1429 4167 primum

289 4190 418 4240 historiae
439 4203 565 4238 romanae
587 4187 712 4238 volumen
734 4185 825 4248 edidit,
850 4201 929 4252 pagg.
948 4189 1010 4248 302,
1029 4190 1093 4249 303,
1112 4189 1163 4237 304
1180 4186 1260 4236 Livio
1279 4185 1355 4234 fidem
1380 4202 1436 4235 non

288 4275 441 4338 derogavit,
466 4273 511 4323 sed
527 4273 570 4322 bis
592 4271 639 4321 illo
663 4270 733 4321 bello
752 4276 901 4336 pugnatum
919 4287 978 4321 esse
995 4271 1124 4320 narravit.
1152 4271 1188 4319 At
1210 4286 1273 4320 vero
1292 4270 1434 4319 Mommse-

291 4361 354 4410 nius
376 4357 471 4408 histor.
494 4373 560 4408 rom.
578 4356 604 4420 Ι,
623 4371 648 4420 p.
667 4357 717 4406 359
740 4355 840 4420 optime
862 4356 913 4406 hoc
937 4356 969 4406 de
990 4357 1051 4406 loco
1076 4355 1221 4420 disputans
1239 4354 1436 4405 demonstrarit

292 4443 372 4495 Livio
391 4441 492 4492 nullam
511 4440 586 4490 tidem
598 4455 655 4490 esse
674 4439 827 4489 habendam.
