3252 5108
677 323 890 386 ..61-

216 503 346 574 utroque
376 496 548 555 adhibitum
579 517 645 556 esse
673 497 898 557 concluserunt.
932 499 1085 559 Henricus
1101 499 1194 560 Peter
1216 522 1287 561 vero
1310 523 1360 562 eo·

217 598 286 655 dem
308 599 374 657 iure
399 598 472 657 dicit
498 597 656 658 Plutarchi
678 600 733 660 illa
748 601 849 678 capita
871 601 911 660 ad
926 601 1111 682 Dionysium
1132 603 1248 675 referri,
1272 623 1360 682 prae-

215 699 320 756 sertim
353 720 421 758 cum
453 699 486 757 hi
515 699 678 777 scriptores
709 719 832 778 prorsus
866 704 1061 762 consentiant
1093 703 1125 762 iu
1159 703 1360 764 describendo

215 799 397 858 'Phoenonis
421 809 450 859 et
473 799 630 859 Sosistrati
654 802 751 875 exitu,
782 802 926 862 differant
946 823 1019 863 vero
1042 804 1146 881 aliqua
1173 824 1211 863 ex
1232 813 1319 883 parte
1342 827 1360 865 a

214 899 365 960 Diodoro.
396 900 488 978 Quod
511 919 571 980 quo
588 901 677 962 modo
702 903 804 963 dicere
819 905 955 983 potuerit
969 905 1076 978 Peter,
1100 925 1157 984 ego
1173 925 1236 964 non
1258 907 1360 966 video.

214 1001 372 1060 Diodorus
396 1003 486 1074 enim,
511 1003 564 1081 qui
587 1003 681 1062 fuerit
696 999 818 1064 illorum
842 1008 951 1077 exitus,
970 1008 1096 1065 omnino
1113 1027 1175 1065 non
1192 1007 1293 1080 affert,
1317 1008 1360 1066 ita

215 1112 248 1160 ut
282 1103 347 1162 eius
377 1104 510 1163 narratio
547 1124 615 1164 oum
647 1103 832 1166 Plutarchea
866 1107 1034 1185 comparari
1065 1118 1210 1187 nequeat.
1249 1108 1359 1187 Neque

213 1223 287 1262 vero
302 1204 434 1283 reliqua,
459 1223 538 1282 quae
553 1205 735 1266 Plutarchus
753 1208 791 1266 de
812 1208 903 1268 rebus
925 1228 944 1266 a
958 1207 1078 1287 Pyrrho
1094 1209 1127 1267 in
1144 1208 1250 1268 Sicilia
1265 1211 1358 1288 gestis

214 1313 333 1377 narrat,
363 1305 404 1364 ad
428 1307 617 1386 Dionysium
645 1305 753 1367 referri
781 1328 885 1387 posse,
910 1309 1085 1388 quicunque
1107 1309 1266 1388 utriusque
1288 1331 1357 1369 nar·

214 1405 364 1465 rationem
397 1416 538 1468 accurate
571 1407 751 1486 perlegerit,
781 1410 952 1488 intelleget.
994 1409 1177 1470 Plutarchus
1211 1411 1292 1470 enim
1325 1411 1359 1470 id

216 1507 405 1584 potissimum
439 1528 531 1588 aegre
559 1510 665 1568 tulisse
693 1509 811 1568 Siculos
840 1510 926 1583 dicit,
956 1511 1039 1588 quod
1066 1510 1204 1590 Pyrrhus
1232 1513 1359 1571 classem

218 1627 383 1682 crumena,
413 1629 474 1688 qua
501 1611 534 1668 in
562 1609 694 1689 Libyam
715 1611 883 1684 traiiceret,
908 1633 927 1674 a
950 1611 1060 1672 Siculis
1082 1613 1219 1691 petierit,
1243 1621 1277 1672 ut
1299 1614 1358 1692 ipsi

216 1709 248 1766 in
275 1729 369 1769 naves
399 1711 658 1787 conscenderent,
694 1711 863 1791 Dionysius
885 1732 957 1772 vero
981 1731 1082 1791 neque
1116 1713 1244 1772 classem
1273 1735 1356 1774 exor-

215 1831 305 1869 nasse
316 1820 422 1870 narrat
429 1810 582 1890 Pyrrhum
594 1812 730 1892 nequein
741 1812 873 1890 Libyam
885 1793 1026 1873 traiicere
1037 1814 1170 1874 voluisse
1180 1835 1357 1875 commemo-

214 1919 271 1974 rat.
303 1911 403 1990 Quam
426 1912 543 1972 obrem
565 1934 632 1972 cum
652 1912 850 1972 Plutarchum
872 1914 926 1972 illa
941 1916 1042 1994 capita
1064 1936 1127 1974 non
1151 1936 1189 1976 ex
1203 1917 1357 1996 Dionysio

214 2011 353 2073 hausisse
368 2022 525 2092 appareat,
549 2015 660 2074 iterum
675 2014 715 2073 ad
729 2014 902 2073 Diodorum
921 2035 1118 2088 recurremus,
1136 2025 1261 2096 atquae
1277 2020 1358 2077 iuter

213 2115 314 2192 ipsum
330 2124 360 2175 et
374 2115 572 2175 Plutarchum
594 2115 766 2175 intercedat
789 2117 992 2189 necessitudo,
1010 2136 1200 2195 quaeremus.
1232 2119 1300 2197 Quo
1325 2120 1356 2177 in
1445 2159 1450 2165 -

212 2214 279 2275 loco
303 2224 375 2276 ante
404 2218 506 2277 omnia
534 2217 713 2295 respiciatur
739 2217 832 2276 velim
858 2237 974 2276 summa
1001 2218 1110 2278 levitas
1138 2228 1229 2296 atque
1252 2220 1355 2298 negle-

214 2319 327 2394 gentia,
352 2337 412 2397 qua
423 2317 606 2378 Plutarchus
629 2339 676 2377 res
700 2339 718 2376 a
739 2317 860 2397 Pyrrho
884 2319 916 2375 in
932 2317 1036 2377 Sicilia
1059 2329 1160 2398 gestas
1185 2319 1355 2398 descripsit.

212 2417 293 2478 Nam
329 2421 458 2497 primum
496 2419 621 2498 quidem
659 2419 847 2498 Syracusas,
883 2438 950 2477 cum
982 2418 1121 2498 Pyrrhus
1155 2421 1187 2484 in
1221 2421 1356 2480 Siciliam

213 2521 346 2593 veniret,
371 2543 389 2580 a
413 2519 720 2600 Carthaginiensibus
742 2530 824 2580 terra
851 2521 990 2598 marique
1018 2529 1211 2599 oppugnatas
1235 2541 1301 2581 esse
1325 2532 1356 2582 et

213 2621 348 2679 omnium
370 2643 470 2682 rerum
492 2623 598 2700 inopia
621 2621 832 2701 Syracusanos
855 2629 1019 2680 commotos
1043 2640 1118 2693 esse,
1147 2631 1181 2681 ut
1202 2621 1355 2703 Pyrrhum

212 2732 410 2795 arcesserent,
435 2742 497 2781 non
521 2731 743 2782 commemorat.
773 2723 898 2783 Deinde
913 2741 1095 2801 quamquam
1111 2717 1240 2803 εὐτυχίᾳ
1255 2740 1289 2784 τε
1305 2721 1355 2784 καὶ

212 2817 301 2904 ῥώμῃ
317 2807 388 2884 ’τῶν
415 2819 596 2898 παρόντων·
615 2822 767 2903 Pyrrhum
797 2824 869 2882 dicit
896 2823 990 2882 fuisse
1018 2819 1247 2900 ἐπαιρόμενον,
1277 2827 1351 2904 ipse,

211 2933 327 3002 quanta
350 2925 480 3002 gesserit
500 2925 532 2982 in
549 2924 653 2984 Sicilia
668 2925 864 3002 Epirotarum
889 2944 956 2997 rex,
980 2925 1105 2984 minime
1120 2926 1237 3010 indicat
1252 2946 1353 3004 neque

210 3032 305 3083 totam
317 3025 453 3086 Siciliam
467 3035 590 3105 praeter
600 3025 784 3105 Lilybaeum
797 3024 1068 3104 Carthaginienses
1080 3027 1217 3086 amisisse
1238 3037 1351 3087 narrat.

210 3125 320 3204 Neque
347 3146 420 3186 voro
449 3127 602 3208 Pyrrhum
628 3125 812 3207 Lilybaeum
825 3204 827 3210 γ
840 3136 1071 3204 oppugnantem
1100 3128 1255 3204 repulsum
1285 3148 1351 3187 esse

211 3246 339 3306 eamque
361 3229 456 3289 fuisse
479 3249 615 3302 causam,
645 3249 699 3286 cur
720 3247 815 3287 naves
838 3228 989 3304 inciperet
1016 3246 1179 3301 exornare,
1209 3229 1352 3288 nimirum

210 3336 244 3387 ut
265 3327 347 3388 bello
378 3330 412 3388 in
433 3329 571 3389 Africam
597 3330 745 3389 translato
768 3326 918 3406 Lilybaeo
947 3326 1057 3387 cedere
1080 3326 1351 3408 Carthaginienses

210 3439 348 3508 cogeret,
373 3430 555 3489 Plutarchus
577 3431 674 3490 affert.
703 3430 771 3488 Hac
793 3438 895 3488 autem
917 3429 948 3486 in
965 3426 1114 3487 brevitate
1137 3438 1229 3508 atque
1245 3432 1349 3509 negle-

210 3531 315 3608 gentia
329 3532 432 3590 mirari
454 3552 517 3590 non
541 3531 685 3590 debemus
708 3532 733 3590 si
755 3531 859 3609 paucis
881 3531 970 3602 locis,
996 3549 1148 3607 quaenam
1168 3530 1263 3590 verba
1271 3539 1350 3619 'ante
1442 3587 1444 3592 .

210 3632 313 3690 oeulos
328 3631 471 3692 habuerit
485 3631 682 3704 Plutarchus,
707 3632 849 3710 cognosci
864 3640 975 3709 potest.
1005 3631 1109 3689 Nihilo
1131 3639 1233 3691 tamen
1249 3633 1349 3692 secius

209 3734 433 3792 accuratissime
449 3734 620 3792 Diodorum
642 3741 673 3791 et
687 3733 885 3791 Plutarchum
899 3733 981 3791 inter
995 3753 1027 3792 se
1044 3743 1256 3811 comparantes
1273 3754 1348 3792 non·

208 3833 294 3894 nulla
319 3836 525 3908 inveniemus,
561 3855 599 3894 ex
632 3833 742 3912 quibus
765 3834 873 3893 eodem
895 3834 982 3893 fonte
1004 3853 1056 3893 eos
1078 3852 1150 3893 usos
1173 3853 1238 3893 esse
1260 3834 1349 3895 nobis

207 3933 299 3994 liceat
321 3935 514 3996 concludere.

290 4137 394 4216 Atque
416 4139 546 4218 primum
567 4137 691 4215 quidem
714 4159 765 4211 ea,
794 4156 873 4216 quae
901 4139 934 4196 in
957 4137 1105 4198 Diodorei
1128 4136 1293 4214 fragmenti
1315 4139 1347 4197 X

208 4239 409 4317 paragraphis
436 4239 533 4298 altera
560 4246 590 4296 et
617 4239 708 4298 tertia
738 4235 886 4317 (excerpt.
914 4238 1080 4297 Hoeschel.
1109 4258 1139 4316 p.
1163 4237 1345 4315 497—499)

208 4350 327 4412 extant,
366 4347 582 4418 comparentur
614 4359 682 4397 cum
714 4341 821 4417 quinta
854 4339 1030 4405 Plutarchei
1069 4340 1178 4418 capitis
1211 4341 1347 4399 vicesimi

105 4441 110 4448 ’
207 4442 332 4501 alterius
354 4441 557 4519 paragrapho.
623 4461 627 4468 ¹

1103 4537 1141 4590 ὅ*
