3252 5108
697 285 886 350 -3-

217 458 346 536 χόντων
388 458 424 521 δὲ
468 456 503 521 ἐν
546 463 583 541 τῇ
628 455 972 534 ἀκροπόλειίνήλωτο·
1022 459 1071 523 καί
1100 459 1134 524 ἐκ
1168 465 1227 524 τοῦ
1256 461 1364 541 φόρου

217 559 264 622 ἔτι
285 558 358 622 τότε
379 557 533 637 ἀργυρίου
561 559 713 638 ἐπιεήμου
734 557 800 626 ἑξα-
829 561 894 623 τῶν
946 561 1115 640 ευμμάχων
1164 563 1243 625 καθ>
1292 563 1363 627 ἕκα-

216 661 377 738 κιεχιλίων
393 659 560 725 ταλάντων
578 661 701 740 (τάγάρ
715 664 801 725 πλεῖ-
829 678 904 725 ετον
926 660 1073 725 ἐνιαυτὸν
1095 661 1273 742 ἀνεφέρετο
1295 664 1362 743 ἑξή-

216 782 273 825 ετα
293 762 480 839 τριακοείων
501 761 685 828 ἀποδέοντα
708 764 801 842 μύρια
832 779 930 825 κοντα
939 763 995 825 καὶ
1011 765 1194 840 τετρακάεια
1208 765 1363 831 τάλαντα·

215 863 361 939 ἐγένετο,
389 862 451 943 ἀφ’
472 862 518 927 ιῐιν
535 863 569 928 ἔε
583 885 617 928 τε
632 866 688 942 τὴν
704 865 800 930 Ποτί-
827 864 925 940 χωρὶε
952 864 987 926 δὲ
1016 865 1141 930 τούτων
1167 866 1206 929 τά
1226 886 1260 930 τε
1280 886 1361 945 πομ-

216 969 311 1029 δαιαν
324 965 424 1029 καὶτὰ
435 968 491 1043 τῆε
505 964 799 1043 άκροπάλεωεπρο-
827 967 902 1027 πεῖα
918 965 1010 1042 εκειίη
1027 965 1128 1030 καὶτὰ
1139 969 1362 1046 μηδικάεκθλα

215 1067 799 1149 πύλαιαάπανηλιίιθη)·χωρὶεδὲχρυ-
827 1065 1046 1131 πεντακοείων
1074 1066 1265 1147 ἀπεφήνατο
1291 1069 1362 1134 ἀξια

189 1169 285 1232 .είου
306 1169 428 1247 ἀεήμου
455 1171 506 1233 καὶ
534 1168 687 1247 ἀργυρίου
709 1169 745 1233 έν
765 1191 799 1233 τε
828 1165 1011 1231 ταλάντων·
1046 1167 1081 1232 ἔν
1107 1187 1141 1232 τε
1168 1173 1237 1234 τοί(
1263 1168 1360 1248 ίεροῖε

215 1267 410 1349 ἀναθήμαειν
423 1270 513 1335 ἰθίοιε
528 1271 624 1335 τεκαὶ
640 1270 799 1350 δημοείοιε
826 1267 1033 1333 ἀπεδείκνυεν
1068 1268 1282 1348 ἀναθημάτων
1326 1291 1360 1336 τε

151 1444 156 1453 ‚
213 1373 267 1435 καί
293 1371 351 1436 ὅεα
376 1370 446 1450 ἱερὰ
478 1372 569 1450 εκειίη
595 1373 668 1450 περί
682 1393 716 1436 τε
742 1374 798 1437 τάε
825 1370 949 1446 πλῆθοε
984 1372 1036 1433 καὶ
1069 1372 1106 1435 τὸ
1137 1375 1192 1448 τῆε
1228 1371 1359 1450 Ἀθηνᾶ(

213 1473 345 1551 πομπὰ(
354 1474 488 1537 καὶτοὺ(
499 1473 628 1549 ἀγῶνα(
640 1475 690 1538 καί
702 1477 798 1538 εκῦλα
824 1468 949 1548 ἀγαλμα
974 1469 1059 1548 ἔχειν
1090 1473 1220 1550 χρυείου
1246 1475 1358 1553 πεντή-

214 1576 329 1654 μηδικά
355 1575 406 1638 καὶ
431 1574 510 1639 εἴτι
541 1575 795 1653 τοιουτότροπον
824 1591 923 1635 κοντα
937 1571 1078 1636 τάλαντα
1100 1573 1145 1636 ὡ(
1160 1579 1358 1654 περιαιρετῆε

216 1677 276 1741 οὐκ
306 1675 476 1741 ἐλάττονα(
517 1678 536 1754 ἢ
577 1679 795 1744 πεντακοείων
825 1671 920 1752 οὔεη(
941 1677 996 1751 τῆε
1011 1673 1083 1751 περὶ
1097 1675 1155 1740 τὸν
1171 1675 1288 1753 κάεμον
1303 1698 1349 1741 κα-

213 1779 396 1849 ταλάντων,
420 1777 465 1842 ἔτι
487 1780 577 1842 δὲτὰ
599 1779 632 1842 ἐκ
653 1786 719 1844 τῶν
741 1778 795 1843 ἄλ.
823 1778 986 1852 ταεκευῆε·
1008 1777 1185 1847 καὶταῦτα,
1202 1776 1358 1853 ἀναγκαία

213 1882 282 1944 λων
311 1879 410 1957 ίερῶν
447 1881 623 1957 προεετίθει
653 1881 796 1960 χρήματα
822 1873 849 1936 εἰ
880 1874 972 1954 λάβοι
1018 1876 1107 1954 χρεία
1141 1880 1357 1957 χρηεαμένουε

213 1980 272 2045 οὐκ
288 1980 395 2054 ὀλίγα,
419 1978 467 2045 οίε
488 1982 651 2059 χρήεεεθαι
667 1983 794 2053 αάτοὺε,
822 1975 909 2051 παρὰ
924 1979 989 2040 τὧν
1011 1982 1095 2041 θεῶν
1116 1978 1213 2042 πάλιν
1236 1978 1356 2045 ἀποκα-

212 2083 264 2146 καὶ
279 2083 318 2158 ἢν
334 2081 420 2146 πάνυ
435 2081 636 2160 ἐξείργωνται
652 2083 794 2156 πάντων,
821 2079 967 2154 ταίῖῆῑαῑ
996 2077 1039 2141 ἐν
1053 2077 1176 2163 Εἷθήνθ·
1206 2083 1303 2159 Χωθὶ(
1320 2083 1355 2146 δὲ

212 2185 264 2247 καὶ
284 2183 381 2260 αὐτῆε
401 2185 457 2259 τῆε
476 2187 552 2247 θεοῦ
574 2186 640 2248 τοίε
661 2204 794 2262 περικει-
821 2175 946 2242 τούτων
971 2182 1036 2243 Τῶν
1065 2179 1235 2259 Χθηνάῖννν
1265 2203 1355 2262 (Τρα-

196 2284 320 2364 1μένοι(
330 2283 482 2362 χρυςίοις·
498 2285 702 2364 ἀπέφαινεδ’
718 2287 795 2365 ἔχον
820 2277 936 2342 minet
952 2279 1158 2346 ὑπεδείκνυεν
1191 2290 1231 2367 τῇ
1261 2285 1354 2349 πόλει

211 2386 249 2448 τὸ
265 2383 391 2463 ἀγαλμα
406 2388 639 2465 τετταράκοντα
653 2389 794 2452 τάλαντα
823 2378 977 2457 ὑπάνλεῑν
995 2384 1093 2460 λννθὶ(
1118 2384 1289 2464 (νμμάλων
1305 2389 1355 2450 καὶ

212 2487 349 2566 εταθμὸν
364 2488 493 2565 χραείου
509 2488 660 2567 ἀπέφθου
675 2491 726 2554 καὶ
740 2511 794 2554 πε-
822 2485 888 2543 Τῶν
910 2481 945 2545 ἓν
966 2486 1035 2547 ῒθῖ(
1056 2487 1226 2562 φθθνθίῡῑ(
1248 2485 1354 2554 ὄντων

213 2589 371 2665 ριαιρετὸν
398 2587 479 2654 είναι
503 2588 605 2654 άπαν·
642 2592 795 2672 χρηεαμέ-
823 2579 955 2646 ‹311ch
970 2585 1027 2662 μὲν
1043 2585 1172 2663 μνθίθν(
1188 2589 1239 2651 Καὶ
1259 2593 1354 2669 mcxl·

211 2710 289 2754 νου(
305 2690 350 2772 δὲ,
370 2690 444 2772 ἔφη,
460 2690 664 2776 ἐπὶεωτηρίᾳ,
680 2698 793 2771 χρῆναι
822 2682 923 2746 λίῡν(“
954 2685 1031 2749 ῖθὺ(
1052 2687 1086 2749 δ’
1107 2688 1142 2751 ἐν
1163 2693 1231 2752 ῖθῑ(
1251 2711 1352 2768 (990⁰-

211 2793 252 2870 μὴ
268 2789 388 2856 ἐλάττω
410 2791 668 2871 ἀντικαταετῆεαι
682 2795 792 2859 πάλιν·
820 2782 1012 2861 pio1c6vwc
1032 2788 1084 2850 Καὶ
1097 2789 1174 2853 τοὺ(
1189 2790 1354 2868 μέῐθίνννῑ

211 2893 363 2971 χρήμαειν
384 2894 441 2973 μὲν
463 2893 522 2959 οὖν
545 2894 649 2960 οὕτω(
664 2896 793 2975 ἐθάρευ-
821 2884 975 2965 ὖπάθλεῑν
996 2889 1128 2954 πλεῖον(
1149 2895 1216 2956 τῶν
1232 2893 1352 2971 μνθίῑνν

210 3015 267 3059 νεν
298 2994 424 3058 αὐτούς.
461 2994 592 3060 ὁπλίταε
620 2999 655 3061 δὲ
680 3018 793 3076 τριεχι-
821 2986 1074 3066 ἑπῒανῑῑλῑλῖων
1094 2993 1230 3070 Τίνήθεῑ(
1246 2996 1353 3059 δὲτὰ(

211 3096 300 3160 λίαν(
315 3094 396 3160 εἶναι
412 3098 462 3158 καὶ
484 3097 613 3174 μυρίουε
632 3096 712 3163 Ιἄνευ
728 3107 794 3166 τῶν
821 3089 985 3166 “mitat
998 3094 1184 3166 ῒθῑακῡῑίαῑ·

210 3196 246 3260 ἐν
267 3199 335 3261 τοῑε
361 3197 530 3275 φρουρίοιε
555 3200 693 3264 καὶτῶν
715 3203 795 3280 παρ>

210 3297 341 3364 ἔπαλξιν
357 3298 571 3376 ἑξακιεχιλίων
593 3303 644 3365 καί
658 3302 793 3381 μυρίων·
806 3328 809 3397 ι

211 3403 361 3464 τοιοῦτοι
375 3401 438 3477 γὰρ
455 3400 635 3479 ἐφύλαττον
652 3405 689 3468 τὸ
705 3406 809 3511 πρῶ-λ

208 3521 278 3574 τον,
290 3499 389 3564 ὁπότε
401 3500 432 3564 οἱ
443 3503 591 3580 πολέμιοι
608 3503 793 3590 εἰεβάλοιεν,

207 3599 275 3664 ἀπό
290 3622 324 3664 τε
338 3606 403 3666 τῶν
424 3605 647 3682 πρεεβυτάτων
663 3607 712 3669 καί
727 3615 792 3673 τῶν

207 3702 379 3767 νεωτάτων
393 3705 442 3767 καὶ
454 3704 609 3783 μετοίκων
620 3708 688 3772 ὅεοι
702 3708 792 3774 ὁπλῖ-

206 3802 362 3881 ταιῆεαν.
400 3840 438 3850 -
473 3842 508 3850 -
537 3843 571 3851 —-
599 3845 636 3852 κ-
664 3845 699 3855 -
742 3812 792 3875 καὶ

206 3903 408 3981 τριήρειετὰε
423 3906 588 3986 πλωίμους
603 3911 789 3988 τριακοείαε.

292 4009 378 4068 Haec
412 4021 514 4072 eutem
542 4015 637 4074 verba
664 4017 879 4098 Thucydideis
907 4025 1059 4085 simillime
1086 4028 1241 4088 Diodorus
1264 4033 1348 4092 unde

206 4110 355 4182 hauserit,
380 4112 445 4202 ipse
469 4114 586 4176 indicat
608 4120 710 4179 omnia
738 4143 788 4196 ea,
820 4144 899 4202 quae
929 4126 967 4185 de
996 4126 1069 4185 belli
1091 4128 1348 4209 Peloponnesiaci

206 4214 306 4271 causis
329 4213 402 4272 inde
426 4209 448 4273 α’
467 4219 567 4294 capite
591 4221 630 4277 38
653 4241 750 4299 usque
773 4224 813 4283 ed
829 4234 921 4304 eaput
936 4228 973 4283 41
1001 4228 1157 4302 disseruit,
1182 4232 1265 4292 hisee
1280 4256 1345 4293 ver·

205 4313 253 4371 bis
276 4314 477 4375 concludens:
513 4314 606 4379 αἰτίαι
622 4318 679 4396 μὲν
708 4319 768 4384 οὖν
791 4326 849 4385 τοῦ
871 4323 1178 4404 Πελοποννηειακοῦ
1201 4331 1345 4410 πολέμου

203 4411 348 4474 τοιαῦταί
370 4433 453 4477 τινε(
477 4413 620 4493 ὑπῆρξαν
638 4418 682 4483 ὼε
699 4419 842 4501 Ἔφορος
857 4422 1031 4505 ἀνέγραψε.
