3252 5108
764 299 973 364 -36-

293 484 396 554 ptores
419 496 485 536 esse
506 473 716 546 referendum,
741 473 773 532 id
795 471 878 552 quod
900 473 973 533 satis
997 493 1035 532 ex
1056 473 1185 552 singulis
1207 493 1316 552 regum
1337 475 1433 534 uomi-

294 576 383 637 nibus
406 571 592 656 apparet²²).
642 651 648 662 ⁸

377 695 543 754 Praeterea
564 713 605 753 ne
627 692 660 753 id
688 693 813 772 quidem
834 690 1140 772 praetermittendum
1167 701 1214 752 est
1247 694 1329 752 inter
1355 693 1430 753 Dio-

295 796 402 856 dorum
424 804 455 856 et
476 796 662 874 Dionysium
689 816 752 855 non
780 795 878 854 solum
900 814 1103 866 numerorum,
1132 793 1303 854 sedetiam
1330 815 1435 855 earum

292 897 596 970 historiuncularum,
621 916 700 977 quae
724 897 763 957 de
784 895 913 974 singulis
940 895 1063 974 regibus
1085 904 1264 970 narrantur,
1287 915 1435 959 summam

295 1017 361 1058 esse
383 998 623 1059 similitudinem.

378 1100 564 1180 Dionysium
592 1108 707 1174 autem,
737 1100 763 1158 si
791 1099 1009 1160 Mommsenius
1036 1099 1301 1179 Dionysiauorum
1328 1119 1433 1160 nume·

293 1221 394 1259 rorum
416 1221 562 1261 summam
584 1201 646 1260 433
675 1221 741 1260 esse
763 1209 846 1260 recte
875 1198 1014 1274 dixisset,
1043 1199 1177 1260 indicem
1204 1221 1244 1260 ex
1269 1201 1325 1260 tali
1347 1201 1435 1262 fonte

293 1301 434 1362 hausisse
463 1310 653 1380 putaremus,
686 1303 719 1360 in
749 1320 809 1380 quo
841 1301 956 1362 dictum
985 1309 1079 1376 esset,
1103 1302 1232 1361 Romam
1261 1302 1357 1362 altero
1387 1323 1434 1362 se·

293 1403 407 1480 ptimae
450 1402 634 1482 olympiadis
677 1423 759 1463 anno
802 1421 869 1462 esse
906 1402 1071 1463 conditam.
1120 1402 1212 1462 Nunc
1247 1423 1320 1462 vero
1357 1403 1435 1463 haec

293 1504 459 1564 necessitas
482 1524 544 1564 non
568 1511 665 1578 extat,
690 1505 763 1583 quia
788 1504 865 1565 falso
885 1504 1119 1564 Mommsenium
1133 1512 1325 1583 computasse
1340 1525 1435 1584 supra

296 1604 439 1664 diximus,

377 1703 696 1784 AtqucKiessliugius
704 1700 744 1783 23)
759 1707 872 1784 optime
889 1706 1112 1766 demonstrasse
1124 1705 1198 1766 mihi
1211 1706 1335 1767 videtur
1348 1728 1448 1786 praa-v

293 1816 340 1866 ter
351 1809 534 1867 vetustiores
556 1809 718 1887 scriptores
734 1808 921 1888 Dionysium
939 1807 1088 1867 Varronis
1114 1826 1236 1886 quoque
1255 1808 1350 1868 libros
1362 1818 1436 1869 ante

294 1909 396 1968 oculos
413 1907 567 1968 habuisse.
606 1908 706 1988 Quem
722 1930 788 1969 cum
806 1909 938 1988 primum
959 1929 997 1968 ex
1017 1909 1164 1968 Romanis
1185 1930 1287 1968 rerum
1308 1911 1435 1988 scripto·

294 2009 377 2070 ribus
398 2008 591 2070 Albanorum
618 2030 725 2089 regum
753 2010 888 2070 indicem
916 2030 1063 2089 cognosse
1086 2031 1125 2069 ex
1146 2011 1192 2083 iis,
1222 2029 1301 2090 quae
1329 2020 1437 2090 postea

295 2111 492 2185 disseremus,
517 2113 678 2190 ap‘pareat,
703 2131 721 2169 a
742 2111 895 2191 Dionysio
918 2111 957 2170 ad
981 2111 1227 2189 componendum
1248 2112 1333 2172 illurn
1355 2113 1436 2172 indi·

294 2234 359 2272 cem
381 2212 552 2272 adhibitum
574 2232 640 2272 esse
662 2230 811 2291 perquam
832 2219 879 2272 est
900 2212 1064 2271 verisimile
1074 2205 1124 2289 ²⁴).
1146 2212 1319 2272 Varronem
1334 2222 1436 2273 autem

295 2315 419 2374 omnino
443 2333 532 2372 nosse
560 2313 646 2372 illum
674 2312 807 2371 indicem
830 2332 869 2372 ex
889 2313 948 2372 hoc
968 2313 1036 2371 loco
1059 2332 1175 2372 summa
1202 2334 1271 2373 cum
1291 2313 1435 2393 probabi-

292 2414 381 2475 litate
409 2413 616 2486 concluditur,
647 2414 700 2490 qui
723 2421 806 2472 extat
833 2414 866 2472 in
895 2433 931 2472 eo
953 2413 1041 2488 libre,
1065 2432 1126 2492 quo
1150 2414 1188 2474 de
1209 2415 1318 2494 lingua
1337 2415 1436 2476 latina

294 2517 357 2594 egit
381 2513 422 2590 (1,
440 2512 489 2593 5);
522 2513 624 2588 „Sunt
645 2515 698 2592 qui
725 2511 863 2573 Tiberim
891 2515 1024 2594 priscum
1045 2536 1158 2576 nomen
1180 2517 1325 2576 Latinum
1338 2516 1435 2578 Albu-

292 2618 354 2676 lam
378 2617 545 2676 vocitatum
572 2616 669 2675 literis
695 2615 905 2689 tradiderunt,
929 2618 1079 2695 posterius
1108 2627 1234 2696 propter
1255 2618 1436 2679 Tiberinum

293 2740 397 2798 regem
419 2719 599 2778 Latinorum
628 2725 789 2790 mutatum,
814 2717 897 2796 quod
925 2717 969 2777 ibi
996 2719 1162 2792 interierit,
1192 2719 1347 2792 namhoc
1370 2723 1435 2782 eius

293 2829 327 2880 ut
348 2820 476 2880 tradunt
497 2818 678 2896 sepulcrum,
703 2827 733 2877 et
756 2819 854 2880 eiusd.
875 2819 931 2879 lib.
954 2840 1020 2898 cap.
1045 2823 1078 2880 7:

377 2919 567 2980 Aventinum
588 2949 630 2960 ·-
653 2919 705 2978 alii
733 2918 772 2977 ab
794 2917 872 2998 'rege
893 2918 1051 2980 Aventino
1074 2921 1197 2982 Albano
1226 2924 1309 3002 quod
1331 2924 1375 2984 ibi
1396 2927 1437 3000 sit

293 3022 463 3102 sepultus‚“

378 3123 482 3202 Atque
503 3121 562 3180 hoc
588 3121 656 3181 loco
679 3121 777 3180 Varro
806 3142 874 3181 cum
902 3121 941 3182 de
969 3123 1093 3200 regibus
1123 3125 1187 3184 istis
1211 3126 1254 3186 ita
1281 3126 1433 3205 loquatur,

293 3227 381 3305 quasi
404 3225 544 3283 omnibus
567 3223 633 3282 noti
655 3224 730 3295 sint,
755 3224 789 3281 in
813 3244 848 3283 eo
864 3242 986 3303 quoque
1001 3223 1093 3298 libro,
1119 3244 1180 3304 quo
1204 3228 1242 3287 ds
1266 3237 1358 3306 gente
1380 3249 1433 3307 po-

293 3327 360 3406 puli
381 3326 513 3384 Romani
536 3324 612 3402 egit,
637 3324 723 3383 illurn
745 3325 880 3384 indicem
907 3324 1081 3384 exhibuisse
1102 3327 1236 3388 videtur.
1269 3329 1368 3407 Quem
1401 3341 1436 3390 ut

293 3449 367 3488 suae
405 3424 603 3505 computandi
636 3426 749 3484 rationi
781 3426 1041 3499 accommodaret,
1076 3428 1246 3508 Dionysius
1280 3431 1436 3508 complura

194 3590 195 3594 ,
295 3530 428 3592 debebat
448 3530 617 3588 immutare.

378 3648 478 3708 Varro
501 3649 595 3720 enim,
620 3666 708 3726 quern
733 3667 801 3706 cum
816 3645 918 3706 Attico
941 3647 974 3705 in
997 3666 1033 3705 eo
1049 3650 1241 3708 consensisse
1264 3643 1433 3728 scimus²⁵),

294 3753 423 3811 Romam
444 3749 535 3806 tertio
558 3756 662 3807 sextae
686 3749 870 3828 olympiadis
892 3769 974 3807 anno
990 3748 1146 3808 conditam
1168 3769 1250 3824 esse,
1275 3749 1358 3809 hunc
1380 3771 1433 3809 au-

295 3872 368 3911 num
390 3871 445 3930 pro
468 3850 531 3908 430
553 3848 591 3909 ab
619 3849 678 3908 Ilio
707 3858 796 3929 capto
824 3850 968 3909 habuerit
995 3869 1121 3908 necesse
1145 3859 1203 3922 est,
1235 3853 1284 3910 cui
1307 3871 1434 3912 numero

361 4115 404 4182 22)
422 4117 577 4168 Mommsen.
596 4116 687 4166 chron.
705 4129 770 4165 rom.
789 4130 868 4181 pagg.
888 4116 945 4180 155,
965 4117 1014 4167 156
1032 4131 1106 4182 sequ.

362 4199 406 4266 23)
423 4201 456 4250 de
472 4199 600 4266 Dionysii
611 4199 813 4250 Halicarnassei
826 4199 1022 4265 antiquitatum
1033 4201 1191 4252 auctoribus
1203 4201 1305 4252 latinis.
1325 4203 1436 4268 Lipsiae

300 4288 366 4341 1858
384 4299 446 4351 pag.
464 4287 505 4334 42.

362 4367 406 4436 24)
425 4366 607 4433 Kiesslingius
626 4383 734 4434 quoque
751 4382 811 4433 pag.
830 4371 861 4418 41
881 4368 909 4419 id
926 4369 1080 4435 suspicatus
1098 4374 1147 4422 est.

362 4452 405 4526 25)
424 4453 579 4509 Mommsen.
598 4453 690 4509 chron·
708 4467 773 4506 rom.
792 4469 816 4524 p.
836 4455 893 4506 147.
