3252 5108
675 339 858 399 ..9‚.

199 511 281 567 enim
303 510 433 586 plurima
450 529 561 582 eorum,
581 529 659 588 quae
675 511 724 569 hic
740 511 922 584 afferuntur,
947 532 1070 590 prorsus
1086 514 1275 590 respondent
1291 515 1336 585 iis,

198 630 278 689 quae
301 633 319 669 6
342 610 526 690 Thucydide
550 612 623 670 inde
647 634 665 671 a
688 633 754 691 cap.
779 614 817 670 95
840 633 937 692 usque
960 614 999 672 ad
1023 635 1089 693 cap.
1113 617 1170 674 101
1196 616 1216 673 1.
1232 615 1266 673 ΙΙ
1289 636 1338 674 ex-

197 721 370 790 ponuntur,
396 712 439 770 ita
461 712 491 771 id
517 713 691 772 Diodcreae
714 715 1078 794 narrationisproprium
1101 723 1160 788 est,
1185 717 1268 794 quod
1291 736 1338 774 ac-

199 814 332 873 curatius
356 812 477 874 Sitalcis
499 816 580 892 regis
595 814 715 874 indoles
739 823 769 874 et
788 835 887 874 mores
904 815 1118 875 describuntur
1141 825 1171 875 et
1192 819 1339 876 intereas

198 923 321 992 gentes,
346 933 425 992 quae
448 916 480 972 in
497 914 735 975 Sitalcemtunc
751 917 927 976 societatem
949 919 1100 991 inierunt,
1125 916 1242 977 Achaei
1265 938 1338 996 quo-

197 1035 258 1094 que
281 1017 488 1074 nominantur.

284 1114 394 1195 Capita
415 1136 537 1196 quoque
561 1117 600 1176 53
624 1125 654 1175 et
676 1119 716 1176 54
738 1138 870 1196 quonam
898 1119 1062 1179 referenda
1090 1121 1159 1192 sint,
1184 1121 1258 1179 satis
1282 1121 1340 1179 erit

198 1218 320 1290 clarum,
341 1219 366 1276 si
386 1239 422 1278 ca
438 1239 505 1277 cum
516 1219 659 1298 Thucyd.
673 1219 694 1278 l.
708 1220 758 1278 111
772 1215 859 1300 capp.
873 1223 922 1292 86,
937 1222 986 1292 88,
1001 1221 1042 1280 90
1054 1221 1338 1299 comparaverimus.

282 1320 370 1378 Inter
391 1321 614 1379 Leontinorum
637 1323 718 1379 enim
741 1321 859 1399 legatos
883 1321 1028 1400 Gorgiam
1057 1321 1210 1381 rhetorem
1233 1323 1336 1394 fuisse,

198 1443 216 1480 a
238 1421 304 1480 solo
327 1421 464 1487 Diodoro
488 1422 633 1494 traditur,
664 1424 716 1499 qui
738 1422 790 1480 illo
814 1425 879 1500 ipso
902 1423 968 1481 loeo
993 1424 1024 1480 in
1056 1422 1186 1481 dicendo
1211 1423 1338 1483 artificia

199 1525 265 1582 eius
288 1524 410 1581 summis
432 1521 575 1581 laudibus
599 1523 685 1581 effert
701 1532 792 1602 atque
809 1526 977 1582 accuratius
994 1522 1147 1582 describit.
1178 1524 1215 1582 Id
1238 1533 1339 1583 autem

198 1645 332 1703 quonam
348 1625 444 1702 magis
459 1626 594 1702 pertinet
609 1644 700 1702 quam
721 1625 761 1683 ad
777 1625 935 1703 Ephorum
952 1626 1182 1684 disertissimum
1197 1624 1339 1684 Isocratis

200 1725 406 1805 discipulum?

284 1827 408 1886 Deinde
430 1829 463 1885 in
486 1827 647 1886 narrandis
663 1826 753 1886 rebus
776 1828 814 1886 ah
831 1827 1074 1887 Atheniensibus
1090 1836 1163 1886 tunc
1185 1829 1217 1886 in
1234 1825 1339 1888 Sicilia

198 1931 292 2010 gestis
314 1929 470 1987 Diodorus
493 1937 615 1987 centurn
636 1929 847 2016 Rhegirrorum
869 1949 963 1988 naves
986 1929 1026 1988 ad
1048 1929 1190 1988 Lachetis
1214 1930 1340 1988 classem

199 2040 322 2090 centum
350 2030 479 2090 navibus
508 2038 700 2112 constantem
728 2031 890 2088 accessisse
920 2029 1007 2101 dicit,
1043 2050 1110 2088 cum
1138 2029 1339 2108 Thucydides

197 2133 436 2211 Atheniensium
469 2133 564 2190 fuisse
596 2131 706 2209 viginti
740 2151 835 2189 naves
866 2140 1079 2190 commemoret
1120 2149 1233 2207 neque,
1266 2139 1340 2208 quot

199 2235 315 2294 fuerint
336 2234 486 2294 sociorum
508 2253 618 2305 naves,
643 2232 769 2291 indicet.

283 2337 428 2414 Denique
462 2335 599 2413 quinque
625 2334 825 2393 Locrensium
858 2353 952 2392 naves
986 2333 1219 2412 comprehensas
1249 2342 1278 2392 et
1307 2335 1339 2392 iu

199 2458 304 2516 pugna
327 2437 367 2496 ad
389 2437 489 2514 Mylas
512 2436 593 2494 facta
616 2436 684 2513 plus
714 2454 805 2513 quarn
832 2435 915 2494 mille
939 2435 1057 2492 Siculos
1081 2434 1118 2492 ab
1142 2433 1339 2493 Atheniensi·

199 2539 256 2597 bus
280 2537 457 2597 interfectos
480 2546 510 2596 61
525 2545 684 2597 sexcentos
701 2555 766 2595 esse
783 2545 886 2614 captos
910 2536 970 2593 nisi
993 2535 1024 2592 in
1042 2535 1226 2594 bibliotheca
1245 2536 1338 2594 histo·
1361 2519 1363 2526 Α

200 2641 263 2699 rica
285 2658 436 2717 nusquam
458 2639 579 2717 legitur.

283 2741 352 2800 Hoc
378 2749 479 2799 autern
507 2741 574 2798 loco
602 2739 761 2818 Ephorum
787 2759 805 2797 a
832 2737 970 2797 Diodoro
1004 2747 1180 2816 excerptum
1208 2758 1273 2797 esse
1303 2758 1338 2798 eo

198 2843 394 2903 verisimilius
419 2851 480 2915 est,
505 2843 577 2920 quia
600 2843 632 2899 in
653 2843 750 2900 altera
765 2860 886 2920 quoque
902 2837 1140 2898 Atheniensium
1156 2841 1188 2898 in
1205 2839 1340 2899 Siciliam

199 2946 398 3023 expeditione
428 2943 629 3003 describenda
656 2943 815 3021 Ephorum
852 2941 1023 3001 adhibitum
1051 2962 1117 3000 csse
1152 2951 1259 3021 postea
1288 2943 1338 3002 de-

199 3045 444 3106 monstrabimus.

283 3148 333 3206 De
367 3148 466 3226 capite
495 3149 535 3206 55
572 3147 753 3206 Guilielmus
778 3145 894 3206 Herbst
927 3147 959 3204 in
991 3153 1214 3224 programmate
1250 3143 1338 3205 Colo-

199 3251 270 3309 niae
294 3270 374 3308 anno
398 3249 428 3307 h.
444 3269 468 3307 s.
486 3251 522 3308 61
549 3249 640 3322 edite,
665 3249 747 3328 quod
764 3246 954 3306 inscribitur:
983 3251 1036 3306 der
1057 3249 1157 3322 Absoll
1185 3249 1339 3323 Mitylenae

199 3371 253 3410 oon
290 3355 400 3423 Athen,
432 3372 462 3428 p.
488 3354 527 3411 10
555 3353 598 3409 116
627 3351 702 3429 egit,
741 3359 774 3409 ut
803 3371 820 3409 e
849 3349 1033 3429 Thucydide
1068 3352 1133 3427 ipso
1168 3350 1339 3408 Diodorum

199 3455 276 3514 haec
299 3453 479 3512 desumsisse
504 3453 734 3512 demonstraret.
771 3451 879 3529 Neque
903 3452 985 3511 enim
1005 3451 1064 3509 hoc
1085 3452 1152 3509 loco
1175 3451 1339 3509 interillos

197 3557 360 3633 scriptores
386 3555 450 3613 nlla
483 3562 566 3614 extat
595 3555 769 3614 differentia
797 3554 855 3610 nisi
879 3573 929 3624 ca,
964 3553 1047 3630 quod
1073 3551 1229 3610 Diodorus
1256 3552 1338 3610 solus

198 3657 230 3715 in
266 3657 450 3715 concione
482 3657 616 3735 populi
651 3653 699 3732 (ἐν
728 3649 884 3734 ἐκκληείᾳ)
915 3653 1081 3712 Pachetem
1109 3654 1239 3712 alterum
1261 3653 1338 3712 illud

128 3805 132 3822 .
198 3759 437 3817 Atheniensium
460 3758 614 3817 decretum
636 3759 778 3816 recitasse
807 3763 924 3827 narrat,
960 3756 1043 3834 quod
1064 3776 1119 3815 sua
1146 3763 1256 3834 sponte
1285 3755 1338 3814 ad-

199 3860 306 3919 iecisse
342 3880 411 3918 eum
438 3861 528 3920 facile
555 3859 700 3919 Herbstio
729 3859 941 3918 concedemus.
978 3857 1199 3916 Similitudines
1227 3866 1336 3929 autem,

198 3981 279 4040 quae
308 3961 445 4020 hocloco
475 3963 555 4021 inter
576 3962 746 4020 Diodorum
763 3971 793 4021 et
807 3960 1024 4040 Thucydidem
1040 3967 1176 4030 exstant,
1194 3958 1338 4016 facillime

199 4064 399 4141 explicantur,
424 4065 450 4122 si
465 4065 496 4122 id
512 4074 660 4136 tenemus,
690 4063 848 4142 Ephorum
863 4060 1055 4140 Thucydidis
1077 4060 1162 4119 libris
1184 4069 1337 4137 tamquam

200 4167 400 4225 fundamento
423 4186 510 4225 usum
534 4186 610 4225 esse.

284 4268 331 4326 Ea
347 4286 482 4346 quoque,
507 4288 586 4346 quae
602 4269 701 4346 capite
718 4269 756 4325 56
780 4267 818 4326 de
833 4265 1061 4324 Plataeensium
1077 4267 1160 4324 exitu
1177 4273 1339 4323 narrantur

199 4390 323 4446 prorsus
348 4370 410 4428 loro
434 4390 501 4427 cum
524 4370 560 4427 iis
584 4377 771 4447 congruunt,
796 4388 875 4446 quae
890 4368 1090 4446 Thucydides
1114 4366 1221 4426 eadem
1245 4367 1282 4425 de
1307 4387 1337 4425 rc

174 4485 177 4494 ’
198 4471 220 4529 l.
243 4471 293 4527 111
316 4492 403 4549 capp.
428 4473 573 4548 vigesimo
598 4481 627 4528 et
649 4469 848 4549 sequentibus
873 4470 958 4528 dixit.
