3252 5108
741 365 774 373 -
824 329 863 390 10
910 367 942 372 -

354 503 456 564 Unam
478 510 580 561 autem
603 501 821 574 differentiam,
851 521 929 580 quae
957 501 1015 561 hoc
1037 503 1104 560 ioco
1132 503 1214 560 inter
1234 503 1407 562 Diodorum

269 611 299 662 et
313 603 529 683 Thucydidem
556 611 648 676 extat,
671 602 711 661 ad
726 603 898 662 Diodorum
912 604 1020 681 ipsum,
1037 624 1101 663 non
1117 603 1156 676 ad
1172 605 1237 662 eius
1253 612 1407 662 auctorem

267 704 462 764 referendam
485 724 551 764 csse
579 705 652 763 satis
680 705 844 764 verisimile
872 713 927 764 cst.
957 705 1070 764 Narrat
1098 705 1180 764 enim
1208 705 1406 765 Plataeenses

266 814 429 884 postquam
452 802 636 884 negaverint
657 826 689 864 se
711 806 774 864 ullo
797 805 945 865 beneficio
974 801 1112 888 affecisse
1134 805 1404 880 Lacedaemonios,

267 906 304 966 ab
328 907 365 965 iis
389 909 481 966 ctiam
503 908 613 987 ecquid
634 907 708 966 mali
730 907 788 966 sibi
811 907 956 966 fecissent
978 908 1180 986 interrogatos
1197 927 1273 966 csse.

350 1008 525 1069 Dilucidius
548 1029 639 1087 quam
662 1029 700 1068 ex
726 1008 784 1067 hoc
813 1009 913 1086 capite
949 1029 987 1067 ex
1015 1009 1054 1067 58
1082 1008 1254 1067 Diodorum
1282 1007 1405 1088 Thucy·

267 1109 370 1169 didem
396 1130 460 1169 non
488 1110 659 1188 respexisse
687 1118 825 1188 apparet.
855 1109 904 1168 Ibi
927 1111 1021 1183 enim,
1046 1109 1156 1192 quibus
1172 1111 1269 1168 causis
1292 1109 1406 1169 factum

264 1212 318 1284 sit,
347 1212 513 1271 utiterum
539 1210 670 1270 Athenis
698 1211 876 1290 pestilentia
904 1218 1094 1284 exereretur,
1125 1211 1331 1290 copiosissime
1355 1231 1404 1270 ex-

265 1313 396 1390 ponitur,
416 1333 484 1371 cum
505 1311 705 1392 Thucydides
733 1313 754 1371 l.
778 1312 829 1370 III
858 1333 924 1392 cap.
948 1315 1009 1387 87,
1033 1313 1087 1372 ubi
1107 1313 1184 1373 haec
1206 1333 1254 1372 res
1277 1333 1404 1372 comme·

264 1421 413 1487 moratur,
438 1434 547 1474 causas
575 1435 639 1472 non
655 1414 772 1474 afferat.

349 1515 388 1573 Ιιι
410 1516 586 1594 insequenti
614 1515 726 1575 deinde
756 1517 856 1594 capite
885 1515 1067 1576 Heracleam
1096 1538 1114 1576 a
1142 1504 1301 1594 Spartanis
1324 1515 1403 1574 colo·

266 1615 349 1675 niam
372 1617 442 1676 ideo
460 1617 623 1676 deductam
640 1637 705 1676 csse
721 1626 877 1691 narratur,
902 1619 975 1697 quia
990 1627 1082 1677 antea
1097 1617 1246 1676 Hercules
1262 1617 1305 1675 ibi
1320 1616 1405 1676 habi-

264 1719 384 1790 taverit,
408 1738 499 1797 quam
522 1737 644 1776 causam
665 1717 865 1796 Thucydides
887 1719 920 1776 in
942 1718 963 1777 l.
979 1719 1030 1776 ΠΙ
1046 1739 1112 1797 cap.
1130 1719 1168 1776 92
1192 1739 1254 1776 non
1278 1738 1405 1777 comme·

263 1827 373 1894 morat,
398 1838 499 1897 neque
522 1827 597 1898 quot
619 1819 735 1878 fuerint
764 1819 865 1878 coloni
893 1818 1024 1893 indicat,
1055 1841 1123 1879 cum
1143 1818 1300 1878 Diodorus
1322 1818 1406 1877 mille

264 1920 358 1978 fuisso
380 1921 491 1980 tradat.

347 2020 440 2080 Nunc
463 2021 641 2081 accedemus
665 2022 705 2081 ad
722 2023 823 2105 capita
847 2024 900 2094 60,
926 2023 980 2095 61,
1007 2023 1059 2095 62,
1079 2023 1117 2081 63
1145 2021 1314 2095 tractanda,
1337 2023 1403 2100 qui·

261 2120 318 2180 bus
352 2132 468 2201 quanta
497 2144 565 2182 cum
591 2122 778 2202 Thucydide
806 2125 844 2183 sit
867 2124 1079 2197 necessitudo,
1104 2133 1139 2183 ut
1161 2131 1316 2202 appareat,
1341 2124 1402 2182 sin·

262 2224 358 2301 gulos.
371 2225 454 2283 locos
477 2244 639 2302 apponam.

412 2339 531 2402 Thucyd.
542 2339 592 2400 HI,
607 2341 663 2389 113.
1037 2339 1148 2389 Diodon
1168 2342 1207 2391 60.
1287 2395 1292 2406 ,

303 2425 361 2486 νῦν
375 2421 407 2484 δ’
423 2421 546 2486 έδειςαν
560 2423 600 2501 μὴ
610 2421 641 2484 οἱ
656 2421 816 2501 Ἀθηναῖοι
889 2421 919 2485 oi
934 2423 1125 2500 Ἀκαρνᾶνες
1146 2423 1344 2503 φοβούμενοι
1360 2425 1400 2502 μὴ

261 2521 391 2600 ἔχοντες
446 2522 545 2602 αὐτὴν
595 2523 816 2603 χαλεπώτεροί
843 2527 900 2601 τῆς
920 2525 1048 2589 πόλεως
1076 2525 1294 2602 κυριειίςαντες
1313 2525 1400 2603 Ἀθη·

261 2645 345 2704 ςφιςι
359 2623 509 2701 πάροικοι
525 2623 590 2688 ὦςι.
843 2628 931 2689 ναῖοι
984 2625 1204 2704 χαλεπώτεροι
1251 2625 1400 2704 πάροικοι

844 2725 927 2792 ὧςιν.
944 2750 969 2791 κ.
986 2749 1011 2792 τ.
1028 2732 1055 2793 λ.

427 2845 548 2909 Thucyd.
560 2846 607 2908 IV,
621 2849 645 2896 3.
674 2831 698 2882 θ
1037 2848 1154 2899 Diodor.
1173 2849 1214 2897 61.

301 2927 319 2990 ὁ
341 2927 547 3007 Δημοςθένης
575 2929 663 3007 ἠξίου
690 2929 815 3007 τειχίΖε-
885 2929 903 2994 ὁ
929 2931 1136 3011 Δημοςθένης
1161 2929 1334 3010 ἐπεβάλετο
1359 2931 1398 2995 τὸ

259 3034 325 3093 ςθαι
340 3030 378 3092 τὸ
405 3029 580 3107 χωρίον-
604 3028 763 3110 ἀπέφαινε
780 3033 815 3095 δὲ
842 3031 963 3110 χωρίον
984 3033 1120 3112 τειχίςαι.
1158 3031 1220 3094 ἔςτι
1240 3032 1301 3109 γὰρ
1323 3030 1397 3109 ὀχυ-

257 3130 348 3211 φιίςει
380 3133 536 3209 καρτερὸν
569 3131 675 3196 ὂν-
705 3131 815 3210 ἀπέχει
842 3134 1131 3213 ρόνδιαφερόντως
1141 3133 1190 3196 καὶ
1202 3132 1349 3212 κείμενον
1363 3133 1397 3198 ἐν

256 3234 317 3311 γὰρ
340 3231 484 3295 ςταοίους
511 3233 641 3312 μάλιςτα
661 3235 681 3311 ἡ
703 3234 814 3298 Πύλος
842 3239 880 3316 τῇ
913 3234 1087 3318 Μεςςηνίᾳ,
1118 3233 1240 3312 ἀπέχον
1272 3235 1307 3297 δέ
1341 3238 1397 3312 τῆς

258 3337 312 3411 τῆς
339 3332 482 3414 (πάρτης
509 3334 732 3411 τετρακοςίους
764 3336 815 3399 καὶ
842 3333 986 3413 (πὰρτης
1002 3335 1147 3399 ςταδίους
1163 3335 1395 3412 τετρακοςίους.

257 3435 339 3500 έςτιν
366 3435 401 3500 ἐν
416 3441 454 3520 τῇ
466 3455 547 3498 ποτε
560 3435 718 3518 Μεςςηνίᾳ
735 3436 813 3520 οὔςᾳ

254 3543 303 3621 ιλ·

297 3636 813 3722 έννῷείχον-τοὺςείςπλους
883 3643 960 3703 ναῦς
1001 3635 1225 3722 ἀντιπρῴρους
1264 3637 1395 3716 ἔςτηςαν
1503 3689 1507 3695 .

255 3743 313 3804 τοῦ
341 3739 468 3818 λιμένος
496 3738 652 3818 ἐμφράξαι
675 3777 714 3784 -
736 3740 812 3803 τοὺς
840 3747 885 3824 τῷ
903 3740 1030 3819 ςτόματι
1057 3743 1115 3803 τοῦ
1137 3738 1280 3820 λιμένος,
1307 3739 1395 3804 ὅπως

255 3843 312 3919 μέν
338 3839 398 3905 οὖν
426 3838 575 3903 είςπλους
601 3843 670 3902 ταῖς
699 3843 811 3906 ναυςὶν
840 3842 892 3904 διὰ
906 3840 1033 3906 τούτων
1054 3839 1234 3919 ἐμφράξωα
1255 3840 1313 3905 τὸν
1335 3839 1394 3905 εἴς-

254 3941 468 4024 ἀντιπρῴροις
483 3943 606 4024 κλῄςειν
623 3941 767 4020 έμελλον.
838 3946 944 4007 πλουν
960 3945 1026 4007 τῶν
1041 3941 1213 4020 πολεμίων.

295 4044 314 4121 ἡ
330 4043 391 4120 γὰρ
408 4042 536 4120 νῆςοςὴ
562 4042 740 4122 (φακτηρία
755 4064 807 4107 κα·
880 4043 924 4107 εἰς
940 4045 1047 4121 δὲτὴν
1063 4046 1161 4120 νῆςον
1178 4043 1235 4120 τὴν
1252 4041 1392 4121 (φακτη-

253 4144 391 4222 λουμένη
410 4144 565 4209 -τόντε
581 4145 692 4223 λιμένα
708 4165 807 4222 παρα·
837 4143 908 4222 ρίαν
938 4144 1148 4226 καλουμένην,
1178 4144 1391 4222 παρατεταμέ-

251 4248 398 4311 τείνουςα
428 4247 478 4310 καὶ
508 4246 603 4321 ἐγγὺς
629 4246 806 4325 ἐπικειμένη
834 4267 892 4323 νην
919 4245 951 4308 δ’
977 4245 1029 4309 ἐπὶ
1044 4249 1142 4325 μῆκος
1165 4246 1215 4307 καὶ
1236 4249 1391 4309 ποιοῦςαν

252 4347 369 4427 ἐχυρὸν
384 4350 480 4412 ποιεί.
496 4369 521 4410 κ.
537 4368 563 4410 τ.
581 4351 607 4410 λ.
835 4346 943 4412 εὔδιον
973 4348 1030 4412 τὸν
1064 4347 1174 4426 λιμένα
1212 4345 1391 4425 διεβίβαςαν

834 4469 859 4511 κ.
878 4451 945 4513 τ.λ.
976 4463 977 4466 ’
1140 4447 1143 4453 ’
1329 4449 1336 4454 ’
1365 4453 1369 4462 ’
