3252 5108
768 326 979 390 ..38-

296 502 383 580 libris
405 523 477 561 usus
501 510 547 561 est
568 502 752 581 Dionysius,
784 500 917 561 eundem
939 503 1056 561 fontem
1079 501 1256 561 adhibuisse
1279 512 1440 562 consenta-

298 623 391 662 neum
414 611 469 664 est.
747 616 748 620 ’

381 721 448 780 Iam
470 741 556 792 vero,
581 720 681 798 qualis
704 721 729 778 is
745 719 814 779 fons
836 721 942 792 fuerit,
967 728 1150 798 quaerentes
1167 721 1291 780 omnino
1309 720 1348 780 de
1364 721 1438 781 duo-

297 822 354 881 bus
376 842 477 881 rorum
506 821 703 900 scriptoribus
726 823 860 899 cogitare
882 843 939 881 nos
961 841 1050 900 posse
1079 823 1192 899 optime
1222 823 1443 884 demonstravit

298 918 583 1000 Mommseniusffi),
613 922 792 983 Alexandro
816 923 920 983 Sullae
955 922 1079 995 liberto,
1109 924 1163 1001 qui
1190 923 1367 1004 Polyhistor
1388 947 1440 984 vo-

299 1035 397 1097 catur,
425 1034 455 1084 et
478 1024 604 1084 Castore
623 1023 870 1103 chronographo,
896 1025 1039 1084 Deiotari
1061 1025 1143 1103 regis
1166 1045 1290 1102 genero.

381 1142 433 1203 Ad
454 1141 667 1202 Alexandrum
688 1151 790 1202 autem
812 1144 974 1222 quominus
995 1143 1140 1222 Dionysii
1162 1151 1193 1201 et
1215 1137 1345 1203 Diodori
1360 1145 1441 1204 indi-

299 1266 348 1303 ces
371 1245 553 1316 referamuS,
578 1243 775 1322 prohibemur
791 1243 890 1303 Servii
912 1244 1028 1316 verbis,
1052 1245 1105 1322 qui
1127 1245 1168 1303 ad
1189 1244 1347 1305 Aeneidos
1369 1245 1441 1304 libri

299 1347 399 1404 octavi
421 1365 542 1405 versum
558 1346 619 1405 843
642 1346 719 1404 haec
741 1345 918 1405 adnotavit:

382 1462 499 1540 „Quod
520 1463 627 1521 Livius
651 1462 738 1536 dicit,
763 1462 802 1522 ab
825 1461 950 1521 Albano
972 1482 1044 1540 rege
1060 1463 1219 1542 Tyberino
1235 1463 1372 1523 Tiberim
1394 1465 1438 1524 di-

299 1573 394 1636 ctum,
419 1585 482 1622 non
505 1564 643 1642 procedit
665 1564 734 1623 ideo
757 1564 840 1642 quod
863 1565 955 1622 etiam
970 1572 1042 1623 ante
1065 1562 1176 1624 Albam
1198 1564 1320 1623 'l'iberis
1344 1566 1442 1626 dictus

299 1666 465 1724 invenitur.
496 1665 558 1724 Sed
580 1665 629 1723 hic
651 1663 862 1722 Alexandrum
884 1665 1035 1741 sequitur,
1059 1665 1112 1742 qui
1136 1665 1225 1736 dixit,
1250 1666 1442 1744 Tyberinum

300 1765 421 1844 Calpcti
442 1767 538 1825 filium
558 1772 761 1824 venantem
783 1767 816 1824 in
838 1763 921 1824 hune
943 1765 1069 1823 fluvium
1097 1766 1276 1826 incidisse“.
1324 1769 1440 1827 Diodo-

297 1889 347 1927 rus
370 1869 453 1926 enim
475 1875 506 1926 et
516 1867 686 1944 Dionysius
710 1875 816 1924 contra
826 1867 971 1925 Etruscos
995 1867 1233 1927 contendentem
1255 1869 1440 1929 Tiberinum

299 1971 331 2027 in
347 1970 472 2028 fluvium
495 1967 641 2027 incidisse
664 1976 801 2026 narrant.

384 2070 495 2148 Neque
517 2088 590 2127 vero
613 2067 794 2128 Alexander
822 2077 919 2128 certos
947 2069 1138 2147 singulorum
1165 2090 1270 2148 regum
1298 2091 1441 2130 numeros

299 2172 473 2231 exhibuisse
483 2171 615 2241 videtur,
633 2170 784 2248 siquidem
806 2170 897 2242 illud,
915 2170 998 2248 quod
1015 2170 1139 2230 Servius
1157 2171 1242 2243 dixit,
1260 2192 1366 2231 verum
1381 2183 1438 2246 est,

298 2273 420 2331 Livium
443 2293 512 2331 eum
535 2289 601 2330 esse
623 2281 770 2329 secutum.
806 2271 973 2330 Praeterea
994 2271 1206 2330 Alexandrum
1221 2274 1364 2332 statuisse
1378 2274 1438 2333 Ro-

298 2394 377 2432 mam
392 2374 483 2432 tertio
506 2379 612 2431 sextae
635 2371 819 2456 olympiadis
842 2393 924 2431 anno
946 2372 1101 2431 conditam
1124 2393 1190 2432 esse
1206 2393 1319 2451 parum
1332 2376 1438 2434 verisi-

298 2475 369 2534 mile
392 2482 446 2546 est,
470 2480 635 2558 propterea
657 2473 740 2551 quod
762 2472 898 2546 Atticus,
923 2475 976 2552 qui
998 2475 1112 2552 primus
1136 2475 1218 2533 illam
1241 2476 1440 2554 computandi

299 2577 448 2635 rationem
475 2573 632 2646 adhibuit,
661 2583 708 2632 sat
730 2575 832 2633 multis
855 2575 945 2634 annis
967 2583 1037 2653 post
1053 2575 1157 2635 Sullae
1180 2585 1307 2635 mortem
1328 2577 1439 2637 librum

298 2677 442 2736 annalem
465 2677 643 2754 composuit.
677 2677 821 2755 Denique
849 2677 949 2755 gentis
970 2677 1069 2735 Iuliae
1093 2678 1276 2756 genealogia
1299 2677 1439 2739 Caesaris

300 2779 421 2844 demum
451 2785 552 2837 aetate
586 2777 624 2834 ab
656 2779 729 2855 ipsis
762 2798 863 2837 rerum
893 2777 1091 2856 scriptoribus
1124 2778 1319 2857 comprobata
1354 2782 1438 2838 etin

298 2879 389 2938 rebus
406 2879 613 2936 Romanorum
635 2878 798 2936 narrandis
821 2887 959 2956 respecta
975 2899 1042 2937 esse
1059 2879 1189 2938 videtur.
1225 2879 1336 2958 Itaque
1358 2881 1438 2940 ultro

298 2981 330 3037 in
353 2996 420 3037 earn
448 2978 632 3036 sententiam
654 2979 840 3050 inducimur,
872 2987 906 3037 ut
926 2978 1083 3038 Castorem
1111 2989 1142 3038 et
1164 3001 1182 3039 a
1203 2981 1344 3040 Varrone
1367 2991 1438 3042 eta

296 3080 435 3139 Diodoro
458 3077 628 3138 adhibitum
650 3099 715 3138 esse
738 3088 888 3157 putemus.

382 3199 485 3276 Atque
508 3198 678 3256 Varronem
700 3198 824 3276 quidem
847 3199 971 3256 omnino
989 3197 1122 3256 Castoris
1151 3219 1244 3277 opera
1267 3201 1437 3278 respexisse

299 3322 337 3358 ex
358 3299 525 3378 Augustini
548 3298 651 3376 aliquo
674 3300 740 3358 loco
764 3299 906 3358 cernitur.
937 3299 968 3357 Is
985 3299 1065 3357 enim
1081 3298 1120 3358 de
1136 3300 1259 3360 civitate
1273 3301 1333 3360 Dei
1345 3302 1435 3372 XXI,

299 3405 327 3474 8,
353 3403 371 3459 2
395 3401 469 3459 haec
493 3393 630 3476 dicit²⁷):
659 3401 737 3471 „Est
768 3403 800 3459 in
829 3401 924 3459 Marci
946 3400 1094 3460 Varronis
1122 3401 1215 3474 libris,
1240 3423 1368 3480 quorum
1390 3404 1435 3462 in-

297 3504 422 3582 scriptio
453 3502 490 3560 de
520 3509 611 3579 gente
639 3502 746 3579 populi
774 3503 920 3562 Romani:
956 3502 1064 3562 Castor
1085 3501 1190 3562 scribit
1218 3505 1250 3562 in
1265 3505 1354 3563 stella
1376 3505 1436 3564 Ve-

298 3607 380 3665 neris
402 3611 521 3663 tantum
542 3611 717 3681 portentum
740 3605 897 3664 extitisso“
920 3625 947 3663 e.
964 3623 993 3682 q.
1009 3625 1033 3664 s

382 3721 552 3780 Diodorum
575 3729 675 3779 autem
704 3728 734 3780 et
762 3723 861 3801 ipsum
889 3721 1023 3782 Castoris
1050 3721 1144 3780 libros
1173 3742 1235 3781 non
1264 3724 1436 3801 neglexisse

298 3847 336 3884 ex
359 3845 394 3884 eo
411 3822 542 3882 Diodori
564 3821 735 3898 fragmento
759 3823 797 3882 ab
812 3823 948 3883 Eusebio
956 3818 995 3900 ²⁸)
1020 3832 1199 3882 conservato
1215 3834 1351 3903 apparet,
1375 3844 1435 3904 quo

298 3929 319 3985 ii
358 3925 465 4004 populi
497 3933 736 3996 enumerantur,
782 3927 835 4003 qui
874 3924 1062 4003 aliquamdiu
1102 3926 1177 3983 mari
1219 3935 1435 4003 regnaverunt.

299 4027 399 4106 Quem
424 4026 525 4085 locum
553 4045 592 4084 ex
619 4024 745 4085 Castore
775 4026 966 4104 depromtum
994 4045 1075 4098 esse,
1112 4044 1295 4106 quamquam
1324 4026 1435 4086 Suidas

298 4324 301 4330 ·
365 4293 409 4359 26)
427 4293 547 4344 chronol.
566 4308 631 4343 rom.
649 4310 674 4358 p.
696 4295 744 4345 155
762 4309 816 4360 seq.

364 4377 408 4444 27)
426 4377 455 4427 C.
473 4377 584 4427 Mueller
601 4377 694 4441 fragm.
713 4378 979 4444 chronographorum
996 4393 1152 4444 graecorum
1170 4397 1195 4446 p.
1210 4382 1265 4432 176.

364 4461 408 4528 28)
427 4462 523 4512 Euscb.
541 4461 555 4510 I
573 4477 630 4528 cap.
649 4464 689 4513 36.
708 4462 821 4513 Zohrab.
843 4480 868 4530 p.
888 4466 944 4515 168.
