3252 5108
683 337 891 402 ..15-

222 515 303 574 inter
318 513 580 573 Lacedaemonios
597 519 627 571 et
642 510 850 571 Athenienses
878 521 958 584 erat,
983 513 1014 569 in
1031 511 1246 589 Peloponneso
1269 511 1362 588 potis-

222 616 328 674 simum
352 621 471 693 gestum
493 615 546 685 sit,
578 633 735 692 exponens
762 631 953 691 summopere
982 634 1001 670 a
1022 612 1207 691 Thucydide
1234 611 1360 688 recedit.

306 705 344 773 ln
368 734 434 793 cap.
452 715 491 773 75
508 716 589 774 enim
604 715 864 793 Peloponnesios,
889 735 928 774 ne
943 713 1150 774 Athenienses
1172 721 1202 772 et
1218 712 1366 792 Spartani-

221 818 295 876 msli
323 816 398 895 quid
425 818 457 875 in
484 836 517 875 se
546 817 738 889 molirentur,
771 815 841 874 ideo
870 817 1006 874 timuisse
1035 823 1190 887 narratur,
1225 813 1309 892 quod
1332 823 1362 872 et

221 917 353 976 Athenis
387 925 417 976 et
445 917 574 996 Spartae
608 917 772 977 decemviri
806 917 895 975 electi
934 925 1049 989 essent,
1090 917 1142 994 qui
1174 914 1362 993 reipublicae

222 1019 315 1078 saluti
344 1019 554 1091 consulerent,
585 1037 663 1096 quae
691 1037 740 1078 res
763 1040 781 1076 a
803 1017 989 1097 Thucydide
1016 1039 1079 1076 non
1102 1024 1360 1076 commemoretur.

223 1119 309 1178 Haec
336 1138 457 1197 quoque
485 1121 566 1178 inter
593 1120 661 1178 illos
690 1117 930 1197 scriptoresest
958 1118 1148 1191 differentia,
1183 1117 1266 1196 quod
1293 1138 1361 1176 cum

221 1220 420 1300 Thucydides
451 1219 516 1279 tv
544 1239 610 1298 cap.
628 1222 666 1279 67
691 1220 774 1278 mille
789 1218 882 1298 Argis
908 1219 1037 1277 selectos
1063 1239 1128 1278 esse
1148 1221 1230 1276 viros
1247 1217 1358 1290 tradat,

222 1322 274 1399 qui
303 1323 426 1380 nonnisi
450 1320 626 1400 corporibus
654 1320 791 1380 colendis
821 1329 851 1379 et
879 1319 1058 1379 exercendis
1087 1339 1212 1398 operam
1240 1319 1358 1391 darent,

221 1423 376 1482 Diodorus
419 1422 488 1480 illos
528 1421 668 1482 omnihus
698 1421 877 1482 muneribus
906 1439 1031 1480 vacasse
1059 1421 1242 1500 publiceque
1271 1420 1360 1480 alitos

221 1542 289 1583 esse
311 1524 441 1584 addidit.
471 1523 652 1596 Heecnvero
676 1513 714 1582 ex
728 1523 853 1602 Ephoro
878 1522 1017 1581 desumta
1046 1541 1111 1581 esse
1138 1531 1172 1581 ut
1201 1530 1357 1601 appareat,

221 1626 295 1684 satis
318 1626 376 1684 erit
394 1624 557 1684 verborum
579 1625 820 1696 similitudinem,
850 1643 929 1702 quae
951 1622 1097 1682 hocloco
1121 1624 1201 1682 inter
1224 1621 1359 1682 Siculum

221 1733 251 1784 et
272 1724 495 1785 Atheniensem
516 1727 694 1805 scriptorem
717 1734 814 1798 extat,
840 1743 1082 1785 commemorare.
1118 1724 1255 1802 Uterque
1278 1725 1359 1782 enim

220 1827 292 1886 dicit
316 1825 523 1886 Athenienses
552 1835 583 1885 et
604 1826 866 1886 Lacedaemonios
886 1826 1089 1904 suspicionem
1104 1827 1249 1897 movisse,
1267 1825 1358 1902 quasi

220 1924 273 1988 ἐπὶ
301 1924 535 1988 καταδουλώεει
566 1931 632 1988 τῶν
662 1923 771 1988 ἄλλων
800 1927 909 1986 foedus
931 1926 1009 1986 illud
1031 1927 1186 1986 fecissent.
1235 1925 1359 1986 Deinde

221 2029 354 2088 foederis
382 2030 479 2107 ipsius
508 2029 605 2088 forma
628 2031 693 2088 fere
723 2028 830 2088 eadem
860 2036 906 2086 est
928 2027 1011 2106 apud
1033 2036 1205 2106 utrumque.

398 2211 482 2262 Thuc.
500 2212 532 2274 V,
551 2215 593 2262 29.
993 2209 1071 2260 Diod.
1084 2225 1107 2259 c.
1121 2211 1160 2261 75.

262 2294 773 2377 ἐνταῑεεπονδαῑεένεγέγραπτο,
842 2294 1102 2374 προεγεγράφθαι
1145 2296 1215 2358 ταῖς
1247 2296 1357 2372 ευνθήῚ

219 2395 356 2474 εὔορκον
383 2395 481 2468 εἶναι,
507 2399 693 2474 προ(θεῑναι
722 2397 773 2460 καὶ
800 2414 884 2479 καις,
901 2395 1017 2461 ἐξεῖναι
1039 2395 1216 2473 Ἀθηναῖοι(
1231 2396 1282 2460 καὶ
1297 2397 1357 2460 Λα-

218 2497 415 2577 ἀφελεῖνὸτι
432 2497 471 2562 ἂν
487 2497 610 2577 ἀμφοῖν
625 2501 697 2562 τοῑν
713 2518 771 2561 πο-
802 2497 1014 2576 κεδαιμονίοιε
1030 2495 1111 2573 ὅπερ
1132 2495 1172 2560 ἂν
1188 2501 1267 2580 δοκῇ
1281 2497 1357 2560 ταύ-

165 2669 166 2672 ¹
218 2599 305 2663 λέοιν
319 2599 441 2681 δοκοίη,
460 2598 636 2677 Ἀθηναῖοι(
649 2600 701 2663 καὶ
711 2597 772 2663 Λα·
799 2618 867 2663 ται(
895 2600 964 2662 ταῖς
985 2596 1115 2660 uolens
1135 2597 1356 2677 προεγράφειν

218 2701 438 2778 κεδαιμονίοιε.
800 2703 868 2763 ταῖς
885 2697 1051 2775 cessuras
1063 2697 1114 2760 καὶ
1123 2697 1274 2777 ἀφαιρεῖν
1290 2697 1355 2762 ἀπὸ

800 2801 1055 2882 τῶνιευνθηκῶν.

133 3021 136 3025 ¹
301 2940 339 2998 In
363 2940 538 3016 insequenti
554 2958 675 3016 quoque
699 2941 798 3017 capite
821 2948 854 2998 ut
874 2959 986 3016 magna
1000 2937 1162 2997 verborum
1178 2940 1354 3013 similitudo,

217 3043 259 3099 ite
282 3041 383 3120 gravis
406 3060 506 3100 rerum
535 3039 709 3099 differentia
737 3039 818 3098 inter
846 3040 914 3099 illos
941 3041 1104 3117 scriptores
1133 3049 1226 3099 extat.
1267 3039 1357 3100 Alter

217 3143 307 3215 enirn,
325 3142 454 3213 Siculus,
472 3140 640 3218 Spartanos
657 3159 726 3212 eos,
751 3143 851 3220 quiin
868 3141 1047 3220 Sphacteria
1064 3142 1145 3218 cepti
1160 3149 1234 3199 tunc
1249 3135 1354 3216 ἄτιμοι

217 3245 289 3302 facti
312 3245 387 3316 sint,
417 3242 470 3301 illo
499 3244 565 3321 ipso
588 3249 725 3320 tempore
752 3245 785 3300 in
808 3244 967 3320 pristinam
997 3243 1177 3321 dignitatem
1199 3243 1354 3302 restitutos

216 3365 282 3402 esse
309 3353 431 3416 narrat,
460 3343 551 3416 alter,
586 3343 786 3423 Thucydides
816 3341 871 3418 (V,
897 3340 961 3420 32),
985 3343 1038 3403 illo
1068 3343 1188 3403 demum
1218 3354 1355 3423 tempore

216 3440 320 3524 ἀτιμίᾳ
343 3465 394 3504 eos
417 3444 541 3503 affectos
564 3464 630 3503 esse
654 3445 736 3504 dicit.

299 3546 337 3603 In
361 3547 461 3624 capite
485 3546 522 3603 77
551 3545 706 3604 Diodorus
729 3545 953 3605 Heracleenses
983 3547 1112 3606 adversa
1135 3547 1167 3604 in
1189 3544 1354 3604 Aeneenes

215 3649 297 3707 sacta
318 3667 424 3726 pugna
446 3647 631 3705 Boeotorum
647 3647 793 3706 arixilium
808 3648 987 3725 implorasse
1003 3655 1033 3706 et
1055 3646 1157 3706 abhis
1178 3648 1262 3706 mille
1277 3648 1353 3706 mili-

215 3759 260 3808 tes
283 3749 436 3827 accepisse
460 3768 588 3806 narrans
612 3769 630 3806 a
655 3746 840 3827 Thucydide
866 3747 1022 3821 abhorret,
1058 3750 1111 3828 qui
1132 3749 1196 3809 LV
1230 3770 1296 3828 cap.
1313 3750 1353 3808 52

216 3870 315 3929 neque
337 3851 560 3910 Heracleenses
583 3849 730 3910 auxilium
752 3871 771 3908 a
785 3849 910 3909 Boeotis
926 3852 1050 3928 petiisse
1066 3861 1278 3911 commemorat
1300 3873 1352 3912 ne·

215 3971 289 4030 que,
315 3960 390 4031 quot
411 3952 522 4037 milites
545 3951 683 4010 miserint
705 3951 827 4024 Boeoti,
851 3952 977 4011 indicat.

298 4052 408 4132 Neque
440 4055 539 4112 minus
573 4052 693 4112 Siculus
726 4053 855 4131 scriptor
885 4055 919 4112 in
952 4075 1018 4133 cap.
1044 4057 1082 4113 78
1117 4077 1134 4114 a
1167 4055 1352 4134 Thucydide

213 4155 340 4216 recedit.
374 4154 405 4212 Is
435 4155 516 4214 euim
545 4149 600 4230 (V,
626 4152 678 4230 63)
709 4153 877 4232 Spartanos
904 4154 1015 4234 Agidis
1046 4157 1167 4215 domum
1196 4157 1353 4217 destruere

214 4257 347 4318 voluisse
370 4263 488 4328 narrat,
512 4254 668 4313 Diodorus
695 4274 767 4314 vero
782 4254 968 4334 Argivorum
995 4257 1105 4316 ducum
1126 4259 1219 4318 aedes
1236 4259 1352 4318 dirutas

214 4378 282 4418 esse
304 4364 527 4416 commemorat.
558 4354 755 4434 Singulorum
777 4365 878 4416 autem
899 4358 1061 4418 verborum
1081 4360 1163 4418 inter
1181 4359 1352 4419 Diodorum

215 4471 246 4520 et
267 4459 483 4538 Thucydidem
504 4457 563 4516 hoc
584 4455 651 4516 loco
675 4457 891 4531 similitudine,
916 4465 950 4518 ut
971 4458 1130 4539 Ephorum
1151 4461 1209 4520 hoe
1231 4479 1352 4540 quoque
