3252 5108
664 332 874 397 -3γ,

203 508 387 587 Dionysius,
412 508 465 586 qui
487 507 635 584 septimae
658 506 842 586 olympiadis
865 526 947 569 anno
970 509 1067 584 primo
1088 508 1217 568 Romam
1239 508 1342 568 condi-

203 617 265 667 tam
287 628 353 668 esse
375 610 496 681 statuit,
533 608 608 667 duos
637 627 735 666 annos
759 607 874 666 addere
906 607 1052 685 debebat3
1083 609 1166 687 quod
1193 628 1253 688 quo
1275 609 1343 668 loco

204 709 324 782 feeerit,
346 709 575 788 Dionysianum
590 709 724 772 indicem
745 727 813 767 cum
827 708 985 769 Diodoreo
1008 718 1219 788 comparantes
1242 711 1343 768 statim

202 809 385 871 videbimus.
415 810 542 889 Scripsit
570 811 652 869 enim
673 811 843 890 Dionysius
866 830 921 888 pro
945 812 1068 870 30-31
1094 819 1124 870 et
1145 832 1201 890 pro
1217 812 1341 870 38-39

203 911 335 990 ideoque
356 931 480 991 prorsus
502 919 584 970 recte
607 913 672 990 ipse
689 910 776 983 dicit,
800 909 839 970 ab
854 909 913 971 Ilio
929 919 1018 990 capto
1041 930 1138 990 usque
1160 910 1201 971 ad
1215 912 1343 972 Romam

204 1013 360 1072 conditam
387 1033 453 1073 esse
488 1032 586 1072 annos
619 1012 679 1071 431
723 1008 808 1088 (uam
835 1012 896 1071 432
932 1033 1012 1072 auno
1039 1013 1137 1072 Roma
1174 1013 1343 1074 secundum

203 1115 388 1195 Dionysium
411 1123 457 1174 est
483 1110 634 1191 condita).
672 1113 785 1172 Mirum
807 1121 909 1172 autem
931 1114 964 1172 in
996 1112 1120 1174 modum
1150 1134 1246 1173 unum
1267 1133 1341 1193 quo-

202 1236 262 1295 que
276 1216 444 1275 Numitoris
459 1235 575 1274 annum
590 1214 710 1287 adiecit,
727 1214 815 1292 quasi
829 1214 927 1274 Roma
942 1235 1024 1273 anno
1041 1214 1079 1274 ab
1095 1215 1152 1274 Ilio
1175 1222 1263 1294 capto
1279 1216 1340 1274 433

204 1325 284 1376 esset
306 1317 440 1376 condita.

285 1451 348 1510 Sed
369 1453 401 1510 in
424 1450 555 1510 Diodori
577 1468 700 1529 quoquc
714 1448 817 1509 indice
839 1451 984 1510 mendum
1006 1451 1133 1530 aliquod
1155 1461 1211 1512 est.
1226 1453 1343 1511 Eorum

201 1554 282 1612 enim
304 1572 512 1625 numerorum,
538 1552 591 1629 qui
610 1552 643 1610 in
659 1551 832 1628 fragmento
847 1552 905 1611 isto
920 1552 1078 1612 Diodoreo
1095 1561 1209 1626 extant,
1226 1573 1342 1613 summa

200 1663 245 1713 est
267 1655 346 1728 428,
371 1654 423 1732 qui
452 1673 595 1712 numerus
618 1653 725 1730 utique
752 1672 808 1730 pro
836 1653 915 1712 falso
941 1651 1103 1713 habendus
1132 1661 1190 1728 est,
1216 1655 1288 1732 quia
1310 1655 1342 1714 id

200 1755 323 1832 quidem
351 1754 437 1814 nulla
464 1754 583 1838 ratione
610 1755 704 1815 statui
725 1761 826 1832 potest
847 1753 1021 1813 Diodorum
1042 1755 1175 1814 indicem
1196 1756 1283 1814 illum
1304 1776 1343 1816 ex

200 1859 348 1935 scriptore
370 1855 504 1933 quodam
523 1855 674 1928 hausisse,
699 1854 748 1913 cui
762 1855 891 1913 Romam
913 1855 1009 1914 altero
1030 1864 1135 1916 sextae
1158 1855 1341 1935 olympiadis

201 1978 282 2015 anno
308 1954 372 2032 (01.
396 1958 424 2028 6,
449 1952 481 2031 2)
505 1955 660 2014 conditam
683 1974 749 2014 esse
770 1955 929 2033 placuerit.

286 2089 381 2148 Immo
409 2108 483 2148 vero
505 2088 660 2148 Diodorus
687 2088 779 2148 talem
805 2090 940 2150 indicem
966 2099 1039 2150 aute
1067 2091 1170 2150 oculos
1196 2091 1342 2151 habuisse

201 2190 337 2264 videtur,
362 2192 395 2249 in
417 2209 477 2269 quo
500 2189 538 2248 ab
560 2189 620 2249 Ilio
643 2197 731 2268 capto
753 2209 850 2269 usque
879 2191 920 2250 ad
941 2181 1069 2250 Romam
1091 2193 1245 2252 conditam
1267 2194 1342 2251 anni

200 2293 262 2350 429
284 2293 436 2351 numerati
459 2291 585 2350 fuerint.
617 2290 717 2368 Quem
731 2311 891 2352 numerum
913 2294 967 2372 qui
982 2293 1121 2368 exhibet,
1146 2313 1228 2353 anno
1251 2295 1341 2354 tertio

200 2401 304 2452 sextae
327 2392 511 2472 olympiadis
526 2392 656 2450 Romam
677 2392 833 2452 conditam
855 2413 922 2472 esse
945 2393 1037 2454 debet
1057 2402 1203 2455 statuere.
1232 2395 1341 2455 Lenis-

201 2497 307 2554 simam
329 2502 431 2552 autem
452 2493 583 2553 Diodori
597 2513 794 2555 numerorum
816 2513 883 2554 eam
905 2515 971 2554 esse
987 2496 1234 2556 emendationem
1256 2505 1340 2575 puto,

177 2604 234 2670 ,ut
258 2615 313 2674 pro
329 2595 370 2654 50
399 2593 550 2654 scribatur
575 2595 629 2668 51,
660 2595 713 2674 qui
741 2615 886 2654 numerus
908 2615 971 2654 non
996 2595 1093 2654 solum
1115 2597 1199 2674 apud
1220 2598 1339 2676 Diony-

199 2698 276 2755 sium
309 2696 363 2755 sed
395 2697 488 2756 etiam
519 2695 603 2774 apud
629 2693 896 2773 chronographum
928 2697 1003 2755 anni
1024 2697 1099 2770 354,
1124 2698 1177 2775 qui
1204 2676 1338 2772 vocatur,

199 2797 361 2876 reperitur.
401 2794 593 2873 (Mommsen.
618 2795 755 2855 chronol.
778 2815 851 2856 rom.
875 2817 905 2874 p.
931 2794 1015 2872 159).

285 2932 404 3010 Quodsi
427 2939 458 2990 et
479 2929 650 3011 Dionysius
673 2938 704 2989 et
725 2930 880 2992 Diodorus
895 2932 988 2992 talem
1009 2933 1143 2994 indicem
1165 2933 1342 2994 adhibuisse

199 3035 358 3106 videntur,
383 3034 416 3091 in
439 3052 499 3111 quo
523 3031 560 3091 ab
583 3031 642 3091 Ilio
665 3039 754 3111 capto
776 3052 873 3112 usque
896 3033 937 3093 ad
950 3035 1078 3093 Romam
1100 3035 1255 3096 conditam
1266 3037 1341 3094 anni

200 3137 260 3194 429
284 3135 435 3194 numerati
456 3135 531 3207 sint,
557 3155 630 3193 num
649 3135 822 3194 Diodorum
843 3154 965 3214 quoque
989 3157 1027 3194 ex
1040 3136 1182 3196 Varrone
1197 3157 1338 3196 numeros

199 3257 269 3296 suos
293 3237 475 3297 desumsisse
497 3235 693 3315 putabimus?
715 3235 754 3296 Id
776 3237 939 3316 quominus
967 3255 1160 3312 censeamus,
1185 3238 1341 3316 complura

201 3338 336 3398 obstant.

285 3471 365 3530 Nam
397 3471 528 3549 primum
560 3471 685 3550 quidem
711 3471 883 3530 Diodorum
917 3473 1114 3551 scriptoribus
1146 3493 1235 3532 usum
1264 3494 1339 3548 esse,

201 3573 253 3651 qui
275 3573 371 3631 latine
394 3573 590 3650 scripserunt,
614 3593 721 3652 parum
743 3581 790 3632 est
803 3572 969 3633 verisimile
992 3592 1093 3653 neque
1114 3573 1177 3633 ullo
1201 3576 1340 3654 exemplo

199 3672 355 3753 probatur.

283 3809 408 3867 Deinde
430 3816 532 3868 autem
546 3808 703 3868 Diodorus
725 3808 796 3868 ideo
811 3808 959 3868 Varronis
980 3808 1075 3870 libros
1097 3831 1161 3871 non
1182 3811 1263 3871 bene
1286 3812 1339 3872 ad·

199 3908 304 3969 hibere
327 3917 460 3988 poterat,
485 3911 558 3989 quia
579 3911 612 3970 hi
635 3911 724 3968 nimis
752 3911 868 3989 copiosi
896 3919 984 3970 erant
1011 3919 1042 3971 et
1069 3913 1171 3992 potius
1199 3913 1239 3973 ad
1261 3915 1339 3974 anti·

200 4013 331 4090 quitates
354 4030 443 4090 quam
467 4012 507 4070 ad
528 4011 686 4072 historiam
701 4010 911 4091 pertinebant,
935 4011 1091 4074 Diodorus
1114 4021 1216 4074 autem
1238 4035 1340 4096 neque

199 4113 336 4172 internas
358 4113 515 4171 civitatum
537 4132 585 4171 res
607 4113 760 4192 respicere
781 4113 901 4172 solebat
923 4122 954 4173 et
985 4134 1033 4173 res
1062 4116 1216 4176 Romanas
1244 4113 1340 4197 {quasi

200 4235 256 4293 per
278 4223 491 4285 transennam,
514 4220 549 4272 ut
571 4213 615 4272 ait
634 4212 757 4287 Cicero,
782 4213 981 4294 adspiciebat.

284 4349 394 4426 Itaque
416 4369 484 4408 cum
512 4368 551 4410 ex
572 4349 639 4428 ipso
662 4348 803 4410 Varrone
830 4351 964 4410 indicem
990 4349 1077 4412 illum
1102 4351 1241 4414 hausisse
1263 4355 1337 4415 Dio·

201 4451 308 4510 dorum
329 4471 437 4530 parum
458 4451 624 4515 verisimile
650 4453 703 4530 sit,
725 4460 757 4518 et
782 4453 953 4520 Diodorum
982 4461 1013 4512 et
1039 4455 1224 4539 Varronem,
1254 4459 1338 4526 ouius
