3252 5108
756 323 967 385 ..54-

289 497 322 554 in
357 495 438 554 diem
472 497 660 573 trigesimum
688 495 801 556 bellum
835 496 982 556 indixisse
1011 497 1163 568 referunt,
1199 496 1281 576 quod
1315 505 1430 555 rectum

289 617 355 655 esse
383 617 421 656 ex
442 599 534 656 totius
557 597 637 657 illius
664 599 724 656 loci
753 618 894 656 connexu
915 606 1052 676 apparet.

372 715 416 773 At
438 736 509 774 vero
533 715 607 775 inde
629 737 647 774 a
662 715 760 775 libera
780 715 938 793 republica
960 716 1125 774 constituta
1153 717 1234 775 inter
1256 714 1429 773 Diodorum

289 825 320 875 ct
334 817 470 888 Livium,
494 836 584 894 quem
607 817 644 875 ab
669 817 725 876 hoc
747 818 890 896 temporis
913 826 1065 876 momento
1076 815 1173 876 Fabio
1198 825 1228 876 et
1251 814 1357 875 Cincio
1381 835 1429 874 co-

289 919 436 996 piosiores
460 918 559 977 fontes
582 918 695 978 adiisse
717 927 849 990 constat,
879 939 942 977 non
971 920 1069 978 solum
1096 919 1201 978 nullae
1230 919 1294 977 fere
1323 906 1430 977 extant

288 1019 503 1084 similitudines
526 1019 745 1078 verumetiam
772 1020 921 1079 maximae
945 1019 1150 1091 differentiae,
1180 1038 1308 1096 quarum
1330 1018 1429 1077 multi-

288 1120 362 1180 tudo
386 1141 422 1180 eo
437 1121 534 1198 magis
550 1129 691 1198 augetur,
716 1140 775 1200 quo
791 1121 913 1198 longius
929 1120 1068 1198 procedit
1083 1120 1189 1179 Livius
1212 1121 1244 1177 in
1267 1120 1430 1178 narrandis

288 1225 495 1282 Romanorum
523 1222 622 1281 rebus.
661 1221 731 1300 Qua
759 1223 791 1280 in
822 1243 855 1280 re
883 1223 1030 1300 imprimis
1058 1221 1090 1280 id
1120 1229 1165 1280 ost
1193 1221 1428 1303 respiciendum,

290 1325 459 1383 Diodorum
488 1324 639 1402 permulta
672 1323 795 1396 afferre,
833 1343 912 1402 quae
946 1324 1029 1402 apud
1058 1324 1180 1382 Livium
1216 1344 1280 1383 non
1310 1324 1429 1382 inveni-

288 1434 395 1497 untur,
434 1425 466 1485 id
503 1425 585 1503 quod
614 1426 656 1483 ita
684 1425 899 1504 explicandum
932 1434 991 1498 ost,
1028 1434 1061 1484 ut
1097 1434 1279 1498 statuamus,
1315 1427 1429 1486 Diodo-

289 1549 354 1586 rum
384 1526 508 1605 quidem
535 1527 628 1586 talem
655 1528 834 1603 scriptorem
861 1537 933 1586 ante
962 1528 1065 1586 oeulos
1103 1527 1260 1600 habuisse,
1295 1529 1347 1606 qui
1375 1550 1429 1587 an·

289 1629 373 1688 uales
389 1629 534 1687 maximos
556 1647 687 1708 sequens
704 1629 928 1687 accuratissime
944 1627 1080 1706 singulas
1104 1649 1151 1688 res
1174 1629 1214 1686 ad
1236 1648 1307 1688 suos
1330 1650 1429 1690 annos

288 1729 451 1803 revocarit,
476 1728 598 1788 Livium
626 1738 728 1788 autem
756 1729 903 1788 eiusmodi
939 1729 1040 1788 fontes
1069 1730 1272 1807 excerpsisse,
1302 1731 1333 1788 in
1362 1732 1427 1810 qui-

288 1831 343 1888 bus
372 1851 408 1890 ea
431 1831 541 1890 omissa
563 1830 691 1903 fuerint,
721 1850 800 1909 quae
829 1830 961 1889 ornandi
991 1838 1021 1890 et
1048 1830 1186 1908 fingendi
1215 1833 1333 1910 copiam
1366 1854 1427 1892 non

290 1933 484 2012 praeberent.

383 2053 502 2111 Horum
538 2061 640 2110 autem
685 2052 814 2111 Diodori
848 2051 983 2110 locorum
1017 2072 1085 2110 oum
1126 2052 1223 2112 forma
1266 2060 1296 2112 et
1332 2054 1429 2112 oratio

288 2162 405 2212 tantam
441 2154 608 2214 exhibeant
636 2153 880 2231 simplicitatem,
915 2161 949 2211 ut
981 2153 1063 2231 ipsos
1094 2154 1271 2230 pontificum
1301 2155 1429 2214 annales

287 2256 390 2333 legere
420 2236 508 2314 nobis
531 2255 710 2327 videamur,
744 2255 887 2313 facillime
919 2254 996 2313 haec
1018 2255 1058 2313 ad
1080 2255 1211 2313 Fabium
1243 2255 1428 2329 referuntur,

276 2349 340 2435 ¹qui
363 2378 430 2415 cum
458 2356 685 2434 antiquissimus
714 2375 814 2414 rerum
842 2357 970 2434 scriptor
992 2365 1085 2428 esset,
1116 2356 1244 2415 annales
1271 2357 1430 2431 maximoS,

288 2459 411 2517 unicum
433 2465 506 2516 tunc
528 2456 675 2517 historiae
698 2457 815 2516 fontem
837 2458 925 2536 quasi
940 2455 1059 2517 Graece
1081 2459 1210 2517 vertisse
1233 2478 1302 2516 eum
1323 2459 1427 2517 verisi-

287 2559 358 2619 mile
381 2553 484 2634 est47).

373 2676 476 2762 Atque
498 2686 532 2736 ut
553 2697 651 2755 pauca
680 2677 770 2736 huius
798 2677 843 2736 rei
871 2677 1010 2754 exempla
1031 2677 1156 2736 afferam
1177 2678 1230 2736 lib.
1254 2678 1337 2736 XIII
1360 2699 1427 2756 cap.

290 2780 349 2838 102
384 2800 403 2836 a
436 2779 574 2838 Diodoro
608 2780 684 2838 haec
723 2786 896 2838 narrantur.
947 2778 1043 2837 Lucio
1077 2779 1219 2838 Lucretio
1256 2788 1286 2837 et
1320 2778 1428 2840 Servio

289 2879 426 2939 Cossone
451 2877 519 2956 (sic)
544 2880 718 2939 consulibus
740 2879 825 2938 illato
840 2880 958 2958 Aequis
980 2878 1062 2940 bello
1085 2902 1103 2940 a
1124 2880 1270 2940 Romanis
1292 2881 1429 2958 Liphlon

288 2989 496 3060 expugnatum
524 2989 578 3040 est.
609 2981 720 3040 Velitri
747 3001 820 3040 vero
844 2991 874 3040 et
896 2981 1046 3041 Satricum
1076 2982 1268 3054 defecerunt,
1294 2982 1429 3061 denique

289 3104 324 3142 eo
341 3104 423 3141 anno
440 3082 573 3143 Circeios
590 3081 710 3141 colonia
731 3090 777 3142 est
795 3082 936 3142 deducta.
968 3082 1056 3161 Quae
1079 3083 1181 3142 omnia
1209 3084 1241 3140 in
1263 3083 1345 3142 Livii
1374 3083 1427 3142 lib.
1502 3105 1509 3112 ·

288 3186 316 3245 V
339 3206 403 3264 cap.
429 3187 482 3258 31,
506 3184 560 3244 ubi
582 3185 808 3244 commemorari
832 3184 999 3258 debebant,
1024 3205 1088 3243 non
1111 3192 1225 3244 extant.

374 3302 482 3382 Capite
518 3304 630 3363 deinde
659 3305 824 3364 centesimo
858 3324 941 3362 nono
975 3323 1080 3381 pugna
1114 3303 1154 3363 ad
1178 3301 1330 3362 Gurasion
1360 3325 1429 3362 cum

288 3405 436 3465 Volsiniis
459 3407 616 3464 commissa
631 3407 768 3477 affertur,
799 3425 890 3483 quam
918 3404 1002 3482 apud
1024 3405 1144 3464 Livium
1173 3405 1285 3464 frustra
1308 3406 1427 3483 quaesi-

288 3508 378 3566 veris.
415 3508 477 3566 Res
492 3526 614 3587 quoque
638 3507 676 3566 ab
700 3506 801 3584 Appio
824 3526 950 3565 censore
977 3506 1077 3564 factae
1100 3506 1194 3564 multo
1218 3507 1386 3565 accuratius
1410 3527 1429 3564 a

287 3608 424 3668 Diodoro
447 3609 501 3667 lib.
524 3608 589 3666 XX
611 3629 678 3686 cap.
702 3610 741 3667 36
773 3607 998 3680 describuntur,
1029 3626 1119 3686 quam
1147 3627 1165 3664 a
1186 3607 1274 3665 Livio
1302 3607 1355 3666 lib.
1379 3608 1428 3666 IX

289 3730 355 3788 cap.
379 3710 429 3768 29.

372 3828 452 3887 Nam
474 3828 628 3886 Diodorus
650 3829 746 3900 solus,
782 3836 856 3907 quot
888 3826 988 3885 stadia
1010 3829 1193 3903 percurrerit
1216 3846 1310 3905 aqua,
1341 3837 1427 3887 ante·

288 3951 379 4010 quam
401 3932 529 3988 Romam
550 3931 677 4001 venerit,
710 3929 783 3988 dicit
806 3938 836 3987 et
858 3947 918 4006 qua
940 3929 1060 3987 ratione
1082 3929 1133 3988 via
1147 3928 1252 4008 Appia
1267 3937 1362 3988 strata
1377 3930 1426 4001 sit,

289 4032 442 4092 describit.
473 4032 582 4111 Neque
609 4052 681 4091 vero
709 4031 815 4089 Livius
840 4028 977 4108 Appium
1002 4031 1161 4109 pecuniam
1186 4031 1318 4090 adhaec
1334 4051 1429 4110 opera

356 4300 399 4364 47)
418 4300 565 4364 Kisssling.
583 4301 601 4350 l.
621 4302 637 4354 l¹
657 4317 682 4364 p.
701 4301 726 4354 8,
746 4299 846 4349 Summi
859 4301 987 4350 momenti
1005 4303 1070 4350 sunt
1082 4299 1209 4362 Dionysii
1226 4301 1320 4362 verba,
1340 4301 1428 4366 quiin

288 4386 370 4453 primi
387 4383 405 4434 1.
425 4401 482 4450 cap.
502 4389 517 4435 6
536 4385 603 4435 dicit
621 4381 726 4446 Φάβιον
744 4383 789 4434 καὶ
809 4379 961 4447 Κίγκιον-
976 4379 1012 4434 τὰ
1030 4381 1130 4448 ἀρχαῖα
1148 4385 1351 4447 κεφαλαιωδῶς
1371 4382 1428 4436 ἐπι-

289 4471 412 4538 δραμεῖν.
