3252 5108
683 305 892 370 ..33-

304 475 448 554 Denique
473 477 499 536 is
527 477 623 537 index
649 477 859 555 respiciendus
882 489 940 552 ost,
975 500 1065 559 quem
1093 482 1301 563 Hieronymus
1325 485 1357 543 in

221 575 354 636 medium
375 578 518 655 protulit,
543 579 628 638 cuius
651 580 770 639 numeri
791 580 824 639 hi
846 590 933 641 sunt:

573 678 697 739 Aeneas
986 685 1004 742 6

573 778 726 839 Ascanius
965 785 1005 842 38

572 881 686 941 Silvius
708 882 872 960 Postumus
965 886 1004 943 29

572 982 696 1042 Aeneas
719 982 834 1043 Silvius
963 988 1001 1044 31

572 1082 703 1144 Latinus
726 1082 840 1143 Silvius
962 1087 1004 1146 50

571 1183 653 1242 Alba
675 1183 789 1243 Silvius
964 1188 1004 1245 39

571 1284 685 1344 Silvius
707 1283 811 1344 Attius
962 1287 1001 1344 24

572 1383 676 1465 Capys
699 1383 813 1445 Silvius
966 1389 1005 1448 28

575 1484 749 1564 Carpentus
772 1485 886 1546 Silvius
967 1489 1004 1546 13

573 1586 740 1646 Tiberinus
763 1585 878 1646 Silvius
986 1591 1004 1647 8

573 1687 714 1766 Agrippa
965 1689 1007 1748 40

572 1786 736 1848 Aremulus
759 1788 874 1848 Silvius
967 1791 1005 1848 19

572 1888 748 1948 Aventinus
771 1887 885 1949 Silvius
965 1892 1004 1949 37

573 1990 686 2049 Procas
709 1989 823 2049 Silvius
965 1991 1005 2050 23

573 2089 714 2150 Amulius
736 2090 849 2151 Silvius
960 2093 1000 2150 43
1063 2091 1117 2170 (44
1140 2097 1222 2155 enim
1242 2093 1360 2168 Amulii

221 2213 303 2252 anno
326 2193 424 2252 Roma
445 2191 570 2251 condita
592 2190 661 2270 est).
875 2176 1045 2186 *ψ

303 2295 334 2353 Is
357 2304 459 2354 autem
480 2293 637 2373 catalogus
659 2295 702 2354 ita
724 2295 912 2376 compositus·
931 2303 986 2368 cst,
1009 2304 1043 2354 ut
1063 2316 1118 2376 pro
1143 2297 1277 2371 51—50,
1302 2320 1356 2378 pro

220 2396 345 2456 26-24
367 2394 560 2455 scriberetur.

302 2599 352 2658 Ex
373 2600 425 2671 iis,
459 2618 539 2676 quae
563 2598 707 2670 disserui,
742 2598 775 2657 id
797 2598 922 2676 quidam
942 2599 1115 2658 luculenter
1138 2620 1287 2679 apparere
1314 2605 1357 2664 vi·

219 2702 322 2773 detur,
346 2699 516 2759 Eusebium
537 2699 630 2758 talem
657 2698 791 2757 indicem
817 2706 889 2756 aute
918 2699 1020 2758 oculos
1047 2699 1205 2774 habuisse,
1236 2703 1268 2762 in
1297 2723 1357 2782 quo

219 2802 257 2862 ab
280 2801 338 2860 Ilio
361 2808 451 2878 capto
466 2818 563 2878 usque
579 2797 619 2858 ad
633 2799 762 2856 Romam
777 2798 931 2858 conditam
946 2800 1005 2859 431
1024 2803 1175 2861 numerati
1196 2803 1258 2862 sint
1273 2806 1359 2865 anni.

219 2902 281 2983 Qui
304 2921 457 2973 numerus,
481 2921 549 2960 cum
570 2899 694 2959 mininrc
716 2919 784 2958 cum
805 2899 936 2959 Diodori
957 2902 990 2960 in
1013 2904 1217 2981 computando
1239 2907 1359 2966 ratione

218 3011 382 3082 congruat,
407 3001 448 3061 ad
468 3001 654 3081 Dionysium
675 3001 782 3080 utique
810 3011 856 3061 est
883 3003 1075 3065 referendus.
1121 3004 1240 3082 Quodsi
1262 3008 1358 3068 Euse-

218 3105 286 3164 bius
319 3124 390 3164 suos
416 3103 533 3163 indices
556 3123 595 3163 cx
615 3102 806 3182 Dionysio
840 3123 903 3163 non
927 3125 965 3164 cx
986 3106 1166 3179 Diodoro,
1201 3116 1236 3168 ut
1268 3118 1357 3189 putat

218 3205 449 3278 Mommseuius,
475 3204 635 3277 desumsit,
659 3204 737 3264 falso
765 3204 983 3265 Mommsenius
1005 3205 1074 3264 illos
1096 3205 1289 3268 Eusebianos
1311 3211 1358 3269 in·

220 3309 302 3368 dices
325 3305 466 3366 adhibuit
488 3305 528 3364 ad
550 3326 692 3365 numeros
726 3325 777 3365 eos
807 3306 1030 3378 emendandos,
1061 3307 1113 3385 qui
1140 3308 1173 3366 in
1202 3309 1254 3370 illo
1282 3311 1357 3371 Dio·

220 3409 286 3468 dori
307 3408 480 3486 fragmento
504 3414 619 3467 extant.
879 3397 881 3402 ’

303 3509 369 3568 Iam
390 3528 463 3567 vcro
486 3527 553 3567 cum
568 3508 671 3567 nullus
685 3509 770 3567 locus
787 3516 882 3581 extet,
908 3529 947 3568 ax
968 3528 1042 3587 quo,
1059 3516 1134 3587 quot
1149 3529 1247 3568 annos
1262 3510 1358 3571 Alba-

219 3631 327 3670 norum
348 3609 471 3688 regibus
493 3608 634 3669 tribuerit
648 3609 812 3682 Diodorus,
836 3610 978 3688 cognosci
1000 3610 1105 3687 possit,
1129 3630 1212 3669 nunc
1234 3612 1358 3691 quidem

219 3734 271 3772 eos
294 3731 435 3771 numeros
457 3719 539 3772 recte
560 3732 593 3771 se
608 3712 723 3771 habere
745 3718 885 3790 putemus
913 3730 1038 3770 necesse
1061 3719 1120 3785 est,
1144 3713 1197 3791 qui
1220 3713 1252 3771 in
1275 3714 1356 3793 frag·

218 3823 321 3875 mento
344 3813 396 3873 illo
413 3813 570 3874 Diodcreo
587 3813 797 3873 inveniuntur.
829 3812 946 3870 Horum
962 3822 1064 3872 autern
1079 3834 1274 3872 numerorum
1289 3835 1357 3874 curn

218 3937 334 3976 summa
361 3917 498 3989 situas,
533 3915 618 3975 nullo
645 3914 735 3973 modo
769 3921 903 3974 statuere
936 3934 1095 3992 possumus
1128 3914 1299 3975 Diodorum
1327 3925 1358 3976 et

218 4017 409 4077 Albanorum
424 4037 530 4095 regum
545 4017 678 4076 indicem
701 4024 731 4075 ct
746 4016 829 4075 illam
845 4015 1044 4095 computandi
1059 4017 1217 4088 rationem,
1243 4036 1281 4076 ex
1295 4037 1356 4096 qua

218 4122 316 4180 Roma
337 4120 432 4178 altero
455 4119 603 4196 septimae
625 4117 810 4198 olympiadis
837 4137 920 4177 anno
950 4116 1075 4176 condita
1098 4126 1157 4190 est,
1189 4136 1227 4177 ex
1249 4120 1358 4180 eodem

218 4223 304 4282 lente
327 4221 463 4299 petiisse.

302 4321 432 4382 Accedit
453 4328 555 4382 autem
577 4319 662 4379 aliud
684 4339 805 4400 quoquc
827 4327 1049 4400 argumentum.

304 4425 461 4486 Castorem
483 4422 564 4482 enim
586 4420 864 4501 chronographum,
894 4442 1014 4501 exque
1037 4422 1207 4483 Diodorum
1229 4424 1283 4483 illa
1305 4424 1356 4483 dc-
