3252 5108
658 329 866 394 -75-

281 505 415 584 Reliqua
437 523 510 564 vero
526 503 659 564 Diodori
680 505 868 583 fragmenta,
893 523 972 582 quae
995 503 1035 563 ad
1056 503 1172 564 hellum
1186 504 1339 563 Punicum

198 606 328 667 alterurn
354 607 529 686 pertinent,
566 606 631 666 fere
660 608 762 666 omnia
795 606 835 666 ad
864 605 998 666 eundem
1024 606 1203 685 scriptorem
1230 606 1340 666 referri

85 734 88 739 ·
198 717 341 787 possunt,
366 727 426 788 quo
448 707 612 787 Appianus
635 709 668 766 in
692 707 898 768 describendo
921 706 1003 767 bello
1025 707 1078 766 illo
1101 726 1176 767 usus
1198 717 1254 768 est.

282 844 324 903 Et
345 844 476 921 primum
503 843 628 921 quidem
656 842 813 902 Diodorus
843 842 1083 922 Saguntinorum
1109 843 1266 917 interitum
1289 842 1339 902 de·

198 943 334 1004 scribens
367 943 480 1016 abiis,
514 964 594 1023 qnae
616 941 766 1023 Polybius
797 943 853 1003 lib.
875 943 926 1002 III
956 965 1022 1023 cap.
1048 945 1086 1002 17
1117 953 1235 1017 namet,
1266 942 1340 1003 satis

199 1045 352 1105 abhorret.
396 1044 429 1105 Is
460 1045 543 1105 enim
575 1064 677 1124 neque
709 1064 783 1124 opes
813 1043 1035 1123 aSaguntinis
1069 1044 1239 1104 combustas
1272 1063 1341 1104 esse

199 1166 301 1225 neque
339 1146 481 1206 mulieres
519 1154 549 1204 et
582 1144 643 1206 sibi
680 1146 755 1224 ipsis
790 1154 821 1204 et
854 1145 960 1205 liberis
998 1155 1126 1206 mortem
1158 1147 1341 1207 conscivisse

155 1299 165 1314 s
199 1254 424 1312 commemoret.
467 1245 563 1324 Apud
592 1246 770 1326 Appianum
798 1266 871 1306 vero
899 1255 1061 1326 utrumque
1088 1248 1221 1326 legitur,
1256 1248 1342 1307 cuius

200 1350 323 1428 singule
359 1367 482 1428 quoque
518 1347 613 1407 verba
648 1347 815 1407 Diodoreis
852 1348 1005 1407 simillima
1026 1356 1108 1407 sunt.

306 1514 422 1581 Appiam
441 1513 546 1580 hispan.
565 1528 588 1564 c.
606 1515 646 1563 12.
977 1491 979 1494 Ι
1010 1513 1121 1564 Diodor.

243 1615 438 1679 Ζακανθαῖοι
463 1615 499 1678 δὲ
523 1614 661 1693 τὸνμὲν
683 1633 758 1691 χρυ·
827 1614 1039 1680 Ζακανθαῖων
1066 1615 1101 1678 δὲ
1126 1615 1146 1694 ἡ
1167 1615 1260 1680 πόλις
1281 1635 1340 1680 πο-

202 1717 258 1780 cdv
274 1717 325 1779 καὶ
341 1715 482 1796 ἄργυρον
497 1753 539 1764 -
554 1715 587 1780 ἐε
607 1715 665 1793 τὴν
682 1714 758 1790 ἀγο-
785 1715 995 1794 λιορκουμένη
1026 1715 1091 1780 ὑπὸ
1111 1716 1255 1799 Ἀννίβα,
1270 1736 1342 1782 (υν-

204 1817 264 1896 μὰν
287 1817 482 1894 ευνήνεγκαν
508 1817 559 1881 καὶ
579 1819 688 1901 χαλκῷ
708 1816 760 1881 καὶ
784 1817 960 1894 αγαγόντεε
982 1815 1022 1880 τὰ
1036 1813 1107 1895 ἱερὰ
1125 1819 1177 1882 καὶ
1195 1820 1253 1882 τὸν
1269 1838 1343 1896 χμυ-

205 1917 355 2001 μολύβδῳ
382 1918 621 1996 ευνεχώνευεαν
652 1916 697 1981 ὼε
724 1917 758 1980 ἀ-
786 1918 842 1982 εὸν
863 1919 914 1981 καὶ
936 1916 1079 1996 ἄργυρον
1103 1955 1138 1964 -
1163 1918 1342 1998 χωνεύεαν-

203 2021 315 2098 χρεῖον
335 2019 461 2102 Ἀννίβᾳ
481 2018 641 2101 γενέεθαι,
668 2017 760 2083 αὐτοὶ
785 2037 838 2082 τε(
853 2018 961 2097 ἔμιξαν
977 2019 1098 2096 ’χαλκὸν
1114 2020 1166 2083 καὶ
1180 2020 1342 2100 μόλυβδον

202 2121 239 2185 δὲ
269 2120 459 2199 ἐξέδραμον·
492 2123 614 2201 μακροῦ
639 2121 675 2184 δὲ
701 2124 759 2184 τοῦ
785 2121 838 2184 καὶ
871 2119 1030 2197 ἄχρηετον
1065 2121 1254 2197 ποιήεαντεε
1284 2121 1343 2186 τὸν

203 2221 333 2298 ἀγῶνοε
352 2222 531 2302 γενομένου
556 2221 680 2302 Λιβύων
702 2221 759 2300 μὲν
786 2221 904 2300 χρυεδν
944 2219 1078 2297 ἐξῆλθον
1115 2222 1165 2286 καὶ
1199 2222 1343 2300 ἡρωικῶε

174 2322 377 2402 ,ἀπώλοντο
403 2324 536 2406 πολλοὶ,
564 2323 760 2387 Ζακανθαῖοι
786 2321 1018 2399 ἀγωνιεάμενοι
1038 2322 1156 2388 πάντεε
1170 2323 1342 2403 κατεκόπη-

203 2425 239 2488 δὲ
253 2424 379 2489 πάντες.
408 2423 440 2488 αἱ
460 2425 497 2488 δὲ
517 2427 665 2501 γυναῖκες
687 2423 759 2488 ἑαυ-
787 2444 844 2488 (αν
864 2423 1011 2487 πολλοὺς
1033 2425 1069 2487 δὲ
1096 2425 1148 2488 καὶ
1169 2424 1261 2488 αὐτοὶ
1283 2444 1345 2504 φο-

203 2527 261 2590 τάε
290 2524 439 2604 ἀνήρτων
459 2561 502 2573 -
528 2523 560 2589 αἱ
586 2527 621 2589 δὲ
645 2525 761 2589 καὶτὰ
786 2525 965 2589 νεύεαντεε.
1010 2523 1047 2588 Αἱ
1072 2525 1107 2588 δὲ
1133 2527 1280 2601 γυναῖκεε
1304 2527 1344 2590 τὰ

203 2626 299 2692 τέκνα
313 2626 591 2706 προκατέεφαζον.
786 2627 882 2691 τέκνα
919 2625 1113 2706 φονεύεαεαι
1148 2625 1263 2690 ἑαυτὰ(
1299 2627 1345 2690 δι’

786 2725 926 2805 ἀγχόνη(
941 2725 1126 2794 ἀπέπνιξαν.

288 2899 413 2960 Deinde
446 2899 528 2958 inter
554 2898 684 2958 Diodori
716 2898 921 2976 fragmentum
942 2898 1022 2972 XIV
1051 2895 1128 2975 (exc.
1159 2898 1189 2958 d.
1218 2900 1287 2958 virt.
1317 2908 1348 2958 et

203 3002 257 3062 vit.
280 3021 311 3079 p.
335 3001 405 3073 568,
423 2997 497 3077 569)
522 3007 553 3060 et
574 2999 712 3079 Appiani
739 3009 833 3079 caput
854 3001 893 3059 28
918 3001 983 3058 eius
1010 2999 1090 3073 libri,
1120 3020 1181 3079 qno
1204 2999 1243 3060 de
1266 2999 1347 3059 bello

203 3102 411 3162 Hannibalico
435 3102 514 3180 egit,
538 3120 656 3161 summa
677 3100 840 3160 intercedit
861 3101 1066 3162 necessitudo.
1096 3100 1146 3158 Ibi
1162 3102 1244 3160 enim
1259 3101 1345 3160 Han·

206 3204 341 3264 nibalem
375 3223 443 3262 cnm
475 3210 546 3280 post
577 3222 713 3281 pugnam
744 3200 941 3262 Cannensem
973 3203 1163 3280 captivorum
1195 3202 1346 3262 redimen-

208 3305 315 3364 dorum
342 3304 489 3364 facultate
511 3304 633 3363 senatui
655 3302 795 3380 praebita
817 3303 970 3381 repulsam
991 3302 1126 3374 tulisset,
1157 3304 1210 3381 qui
1232 3303 1348 3363 fuerint

206 3406 287 3465 inter
312 3406 467 3464 Romanos
490 3404 668 3482 propinqui,
693 3423 758 3478 eos,
783 3413 818 3462 nt
839 3393 996 3482 singulare
1019 3411 1172 3464 certamen
1195 3404 1343 3477 subirent,

206 3508 343 3586 coegisse
366 3512 521 3582 narratum
546 3504 579 3563 id
601 3505 684 3583 quod
698 3505 862 3585 Appianas
885 3505 931 3565 his
954 3506 1056 3566 verbis
1073 3507 1229 3582 exprimit:
1253 3503 1346 3566 πατέ-

206 3624 264 3683 ραε
286 3603 369 3668 oioic
391 3601 556 3692 ἀδελφοὺς
578 3600 735 3682 ἀδελφοῖε
760 3606 956 3681 μονομαχεῖν
981 3601 1169 3685 ἠνάγκαεεν,
1191 3606 1348 3666 Diodorus

207 3710 306 3768 hisce:
340 3703 505 3785 ἀδελφοὺε
525 3705 583 3783 μὲν
610 3703 766 3784 ἀδελφοῖς
787 3703 927 3781 πατέρα(
954 3704 990 3768 δὲ
1019 3703 1101 3770 uicit
1130 3706 1290 3780 ευγγενεῖε
1313 3705 1349 3768 δὲ

208 3807 369 3883 ευγγενέει
385 3808 582 3886 μονομαχεῖν
597 3804 782 3884 ἠνάγκαεεν.

293 3945 386 4023 Quod
406 3965 480 4004 vero
496 3945 662 4018 Diodorus,
685 3943 850 4018 Romanos,
868 3952 902 4002 ut
924 3943 1003 4002 alter
1024 3943 1153 4002 alterum
1175 3942 1346 4015 invaderet,

209 4067 249 4106 ne
272 4046 460 4125 gravissimis
482 4047 607 4124 quidem
629 4045 787 4124 suppliciis
810 4053 974 4103 commotos
998 4063 1065 4103 esse
1081 4043 1207 4116 adiecit,
1230 4043 1288 4101 hac
1311 4063 1349 4102 ex

207 4169 241 4208 re
262 4148 436 4208 Diodorum
458 4167 520 4205 non
545 4167 580 4206 eo
604 4147 690 4206 fonte
712 4166 800 4206 usum
829 4165 911 4218 esse,
942 4165 1002 4224 quo
1023 4145 1201 4223 Appianus‚
1231 4145 1256 4202 si
1280 4145 1348 4223 quis

208 4249 420 4321 concluderet,
456 4249 534 4306 falso
569 4248 775 4308 concluderet.
816 4248 887 4306 Non
916 4267 978 4304 uno
1007 4247 1088 4305 enim
1114 4246 1181 4304 loco
1209 4245 1348 4304 videmus

209 4351 397 4423 Diodorum,
423 4368 483 4427 quo
508 4351 606 4427 magis
629 4349 669 4407 ad
693 4349 905 4410 emendandos
933 4347 1091 4406 homiuum
1113 4367 1212 4405 mores
1234 4347 1351 4404 valeret

209 4472 269 4530 qno
287 4452 417 4510 clariora
439 4450 579 4528 exempla
601 4459 786 4527 proponeret
809 4449 972 4520 imitanda,
996 4449 1164 4508 narrationi
1187 4467 1261 4505 suae
1283 4447 1349 4504 eius

1130 4548 1146 4596 6
