3252 5108
755 319 964 380 „24-

374 496 450 558 Cum
477 497 711 575 Theopompum
740 493 910 552 nobilitatis
938 490 1192 550 studiosissimum
1225 489 1318 548 fuisse
1351 491 1425 549 scia·

287 619 367 671 mue,
394 618 475 670 eum,
500 599 554 676 qui
569 617 637 655 cum
652 596 698 654 ira
714 604 744 654 et
759 593 861 654 studio
878 600 1017 652 narraret
1033 593 1125 651 etiam
1147 585 1201 650 res'
1218 590 1320 649 multis
1337 591 1427 650 annis

288 707 379 758 antea
401 699 511 772 factas,
537 707 568 758 et
590 719 608 756 a
622 695 936 757 Lacedaemoniorum
959 703 989 753 et
1011 715 1029 752 a
1050 693 1346 772 quadringentorum
1360 693 1426 750 illo-

288 820 353 859 rum
376 801 567 877 optimatium
588 797 726 877 partibus
748 797 868 856 stetisse
891 795 1055 854 verisimile
1078 803 1132 854 est.
1168 794 1211 852 At
1230 814 1303 853 vero
1318 794 1427 872 capitis

287 902 435 979 trigesimi
469 901 547 960 sexti
579 900 701 958 initium
737 898 791 977 qui
817 897 941 976 legerit,
977 918 1046 955 cum
1078 897 1270 974 scriptorem,
1301 916 1340 955 ex
1367 915 1427 974 quo

288 1001 363 1061 haec
378 1004 476 1080 petita
490 1009 574 1074 sunt,
605 999 754 1059 concedet
768 1017 958 1077 summopere
974 997 1155 1057 admiratum
1171 1017 1237 1056 esse
1256 996 1427 1056 Athenien-

288 1104 366 1162 sium
381 1103 585 1162 constantiam
606 1111 699 1180 atque
720 1099 988 1179 perseverantiam,
1006 1101 1059 1176 qui
1074 1083 1124 1157 rel
1140 1099 1326 1177 gravissimis
1340 1099 1428 1157 malis

289 1204 427 1282 oppressi
444 1203 482 1262 de
504 1204 678 1282 principatu
701 1222 768 1260 cum
783 1201 1037 1260 Lacedaemoniis
1053 1199 1241 1260 contendere
1257 1221 1320 1258 non
1337 1199 1428 1259 desti-

288 1305 410 1364 tissent.
440 1305 481 1362 Et
498 1312 659 1377 praeterea
680 1303 705 1360 si
725 1302 959 1382 Theopompum
974 1310 1008 1360 ut
1024 1302 1157 1360 omnium
1179 1299 1430 1379 optimatiumita

290 1406 587 1485 quadringentorum
598 1423 720 1484 quoque
733 1403 854 1462 illorum
865 1412 983 1483 partem
995 1404 1168 1483 amplexum
1178 1422 1244 1463 esse
1258 1404 1289 1461 iu
1301 1424 1427 1464 narran-

290 1508 336 1567 dis
349 1507 440 1567 rebus
453 1506 579 1567 Graecis
595 1507 763 1578 statuimus,
776 1505 928 1584 quomodo
945 1505 1129 1585 explicanda
1144 1513 1215 1563 sunt
1230 1504 1307 1564 haec
1319 1505 1428 1565 verba:

289 1605 515 1686 ὑπελάμβανον
531 1604 593 1682 γὰρ
614 1605 672 1681 τὴν
701 1601 903 1684 ὀλιγαρχίαν,
920 1603 1136 1681 εὐθετωτέραν
1153 1600 1235 1666 εἶναι
1255 1605 1311 1681 τῆς
1332 1607 1428 1683 δημο-

290 1707 418 1785 κρατία(
443 1706 478 1770 ἐν
503 1708 572 1768 ταῖς
588 1705 748 1769 τοιαύταις
774 1703 999 1783 περιετάεειιν·
1018 1703 1057 1767 οὐ
1077 1706 1138 1782 μὴν
1153 1704 1192 1768 τά
1204 1724 1241 1779 γε
1260 1705 1429 1783 πράγματα

290 1808 369 1872 κατὰ
384 1809 442 1886 τὴν
458 1806 589 1871 ἐκείνων
606 1805 801 1884 ἠκολούθηεε
817 1806 924 1888 κρίειν,
940 1804 1023 1868 ἀλλὰ
1038 1805 1123 1868 πολὺ
1140 1807 1248 1884 χεῖρον
1271 1809 1428 1889 διῴκηεαν

287 1909 346 1974 τὸν
361 1907 521 1986 adhesum
556 1910 588 1969 id
610 1910 693 1990 quod
710 1931 745 1970 eo
767 1911 928 1990 probatur,
946 1910 1028 1989 quod
1049 1910 1269 1989 quadringenti
1284 1913 1329 1970 illi
1353 1912 1427 1972 duos

288 2015 370 2074 inter
391 2034 423 2074 se
448 2012 602 2073 discordes
626 2012 718 2071 duces
742 2012 830 2071 classi
850 2012 1066 2090 praefecerint.
1097 2012 1135 2070 In
1158 2013 1225 2091 ipsa
1248 2021 1349 2072 autem
1371 2014 1429 2074 hac

290 2135 322 2173 re
345 2115 500 2178 narranda
524 2114 737 2172 diversissimis
759 2114 893 2192 ingeniis
914 2115 1089 2191 scriptores,
1114 2113 1257 2191 Ephorus
1282 2123 1312 2173 et
1327 2115 1428 2176 Theo·

293 2236 430 2295 pompus,
455 2217 481 2275 si
503 2234 627 2294 prorsus
642 2216 724 2274 inter
738 2235 770 2274 se
794 2216 1016 2288 consentirent,
1041 2235 1097 2293 per
1117 2215 1192 2273 mihi
1213 2217 1322 2274 mirum
1343 2217 1428 2276 vide·

289 2325 373 2375 retur
381 2311 405 2393 6)
430 2336 508 2388 esse,
525 2317 704 2394 praesertim
721 2336 789 2374 cum
805 2337 841 2375 ea
857 2317 949 2388 ratic,
967 2335 1028 2394 qua
1042 2315 1199 2376 Diodorus
1214 2325 1345 2396 utroque
1361 2319 1427 2378 loco

289 2438 425 2496 pugnam
447 2417 486 2476 ad
509 2414 646 2495 Oropum
668 2417 780 2476 factam
803 2416 960 2489 describit,
984 2418 1114 2476 maxime
1136 2417 1174 2476 ab
1199 2438 1235 2478 ea
1256 2418 1427 2493 abhorreat,

289 2538 380 2598 quam
401 2518 602 2598 Thucydides
625 2519 657 2576 in
679 2517 751 2577 libri
773 2517 873 2577 octavi
903 2519 1003 2596 capite
1031 2521 1229 2596 nonagesimo
1253 2521 1360 2598 quinto
1382 2541 1427 2580 se-

288 2629 375 2679 cutus
391 2629 445 2679 est.
476 2620 507 2677 Is
524 2620 605 2678 enim
621 2639 757 2698 pugnam
773 2620 856 2679 illam
871 2619 1013 2678 navalem
1029 2621 1216 2681 commissam
1232 2642 1298 2681 esse
1315 2631 1426 2695 narrat,

289 2730 449 2801 postquam
470 2722 529 2780 viri
552 2720 598 2779 illi
620 2721 839 2799 quadringenti
855 2722 981 2802 imperio
998 2721 1096 2781 orbati
1118 2723 1180 2781 sint
1195 2744 1295 2802 neque
1319 2723 1429 2783 ducum

290 2822 443 2882 discordia
465 2823 579 2882 factum
602 2843 668 2882 esse
692 2822 767 2881 dicit
787 2831 821 2882 ut
842 2823 1051 2902 Athenienses
1078 2825 1290 2898 vincerentur,
1314 2825 1369 2886 sed
1392 2846 1428 2886 ea

289 2944 336 2996 re,
361 2922 444 3001 quod
466 2942 582 2981 summa
605 2941 672 2981 cum
695 2924 850 2983 celeritate
865 2925 984 2984 nullum
1005 2925 1155 2986 habentes
1179 2927 1318 2986 ordinem
1332 2925 1427 2988 Athe-

289 3025 443 3086 niensium
464 3043 559 3083 naves
581 3023 713 3082 hostium
736 3024 862 3083 classem
884 3035 1063 3104 persecutae
1084 3028 1156 3086 sint.

374 3127 519 3205 Denique
541 3125 703 3204 quominus
726 3134 818 3203 caput
844 3127 1030 3186 tricesimum
1051 3137 1169 3188 sextum
1192 3130 1231 3188 ad
1254 3130 1426 3209 Theopom-

289 3228 361 3307 pum
376 3227 573 3287 referendum
588 3247 654 3286 esse
670 3245 861 3300 censeamus,
887 3248 923 3288 ea
939 3248 1060 3306 quoque
1076 3250 1109 3288 re
1124 3229 1328 3308 prohibemur,
1346 3233 1428 3311 quod

289 3330 363 3389 inde
386 3351 404 3388 a
427 3329 527 3406 capite
542 3328 693 3388 tricesimo
717 3329 845 3407 septimo
868 3348 964 3407 usque
987 3328 1027 3389 ad
1049 3339 1141 3409 caput
1163 3333 1428 3412 quadragesimum

200 3478 203 3483 .
290 3432 418 3492 alterum
439 3429 611 3489 Diodorum
632 3430 758 3509 Ephoro
781 3451 869 3490 usum
891 3450 957 3490 esse
980 3441 1117 3510 apparet.
1148 3433 1228 3492 Nam
1249 3436 1290 3494 ad
1304 3435 1426 3514 Thucy-

291 3533 393 3592 didem
415 3531 539 3611 quidem
555 3532 656 3610 capita
672 3531 729 3591 ista
745 3533 910 3606 arctissime
933 3534 1014 3593 inter
1035 3554 1068 3592 se
1083 3535 1293 3608 cohaerentia,
1318 3536 1428 3616 quibus

289 3654 395 3712 pugna
424 3634 615 3710 potissimum
643 3633 681 3692 ad
705 3632 827 3693 Sestum
850 3635 931 3693 faeta
955 3635 1149 3710 describitur,
1181 3657 1243 3695 non
1273 3639 1428 3715 pertinere

291 3756 354 3796 una
375 3735 434 3794 hac
466 3753 499 3792 re
535 3735 763 3813 comprobatur,
795 3736 877 3814 quod
905 3737 1061 3795 Diodorus
1089 3737 1185 3810 solus,
1221 3759 1287 3797 cum
1316 3760 1430 3818 anceps

291 3845 370 3896 esset
406 3834 569 3915 proelium,
604 3836 704 3895 subito
735 3837 846 3915 viginti
880 3839 1031 3898 sociorum
1063 3860 1158 3898 naves
1185 3840 1428 3901 Atheniensibus

290 3938 404 3996 auxilio
419 3937 541 3996 venisse
563 3937 650 4010 dicit,
674 3957 803 4015 quorum
824 3939 960 3999 adventa
976 3941 1053 4000 adeo
1070 3943 1223 4019 perterriti
1238 3945 1300 4001 sint
1313 3943 1426 4016 hostes,

290 4039 447 4098 utstatim
469 4038 621 4117 fugerent.

290 4194 472 4202 -—.-—-—-‹

357 4294 384 4362 6)
402 4293 474 4346 Idem
490 4298 676 4358 argumentum
687 4291 860 4343 Christianus
874 4309 980 4359 quoqne
989 4293 1175 4360 Volquardsen
1193 4311 1254 4361 pag.
1266 4299 1313 4346 127
1325 4295 1427 4359 leviter,

290 4381 332 4432 uti
350 4377 431 4442 solet,
453 4379 611 4445 perstrinxit
634 4378 733 4428 omisso
756 4393 800 4442 ec,
824 4377 895 4442 quod
913 4380 1009 4429 summi
1026 4385 1067 4430 est
1085 4381 1224 4444 momenti,
1247 4380 1427 4447 Thucydidem

289 4481 399 4534 prorsus
416 4463 494 4515 aliter
512 4463 582 4514 hanc
599 4477 654 4513 rem
671 4478 787 4513 narrare.
