3252 5108
650 315 859 379 „ll-

309 483 479 560 Thucydides
496 483 553 551 (IV,
574 485 623 552 11).
759 506 761 532 ι
906 489 1042 540 Diodorus
1060 487 1129 556 (cap.
1141 488 1193 556 62).

228 584 361 650 πάντων
381 587 415 650 δὲ
430 588 661 668 φανερώτατος
676 588 755 665 ἐγέ--
814 589 957 668 μεγίετηε
984 591 1019 654 δ’
1044 590 1210 670 ἀποδοχῆς
1235 592 1327 671 ἔτυχε

186 708 263 751 νετο
293 686 312 752 δ
346 689 513 766 Βραείδαι·
545 694 745 770 τριηραρχῶν
774 691 938 770 Βραιίδαε.
971 727 1006 738 -·-
1045 694 1236 772 τριήραρχος
1266 695 1327 772 γὰρ

186 790 290 868 γὰρ-
310 787 388 869 ἐβόα
401 790 506 865 λέγων
523 791 568 856 ιίιε
585 792 644 856 οὐκ
660 792 746 858 είκὸε
772 792 819 856 ὢν
846 792 924 873 ἐβόα
949 793 1006 857 καί
1025 796 1256 872 παρεκελεύετο
1282 802 1327 880 τῷ

187 889 235 968 εἴη
272 890 380 956 ξύλων
415 894 631 973 φειδομένου(
666 895 745 959 τοὺε
771 895 945 979 κυβερνήτῃ
959 897 999 974 μὴ
1012 894 1173 975 φείδεεθαι
1187 901 1245 962 τοῦ
1257 896 1327 961 εκά-

186 993 361 1072 πολεμίους
393 992 428 1060 ἐν
451 999 489 1076 τῇ
522 1001 562 1080 γῇ
588 999 744 1076 περιιδεῖν
771 1015 856 1075 (pour
878 1032 914 1041 -
939 996 1068 1076 αἰεχρόν
1094 999 1155 1077 γὰρ
1181 997 1263 1064 εἶναι
1286 1035 1327 1044 -

186 1097 295 1172 τεῑχοε
316 1095 563 1174 πεποιημένουε.
769 1100 836 1162 τῶν
852 1101 984 1177 (καιρῶν
1002 1098 1163 1176 φείδεεθαι
1174 1100 1224 1164 καὶ
1240 1100 1327 1178 Ἀθη·

770 1200 880 1265 ναίουε
893 1204 1048 1279 περιορᾶν
1061 1204 1258 1280 κρατοῦντα(
1266 1203 1327 1266 Λα-

771 1303 915 1378 κωνικῆε.
931 1339 973 1348 -

229 1401 279 1464 καὶ
308 1400 366 1465 τὸν
396 1402 513 1466 ἑαυτοῦ
548 1403 744 1483 κυβερνήτην
812 1402 905 1466 τέλοε
919 1403 953 1466 δὲ
968 1404 1327 1479 (υναναγκάιαντοετὸν

187 1500 368 1578 ἀναγκάεαε
386 1572 389 1578 ,
409 1501 530 1567 ὀκεῖλαι
570 1504 627 1580 τὴν
662 1506 744 1568 ναθν
771 1504 967 1583 κυβερνήτην
1011 1509 1226 1584 προιαγαγεῑν
1269 1508 1327 1585 τὴν

187 1604 302 1682 ἐχώρει
320 1603 372 1667 ἐπὶ
386 1605 444 1681 τήν
467 1603 652 1685 ἐπιβάθραν.
773 1609 853 1669 ναθν
870 1605 889 1683 ἡ
909 1606 966 1684 μὲν
988 1607 1116 1685 τριήρη(
1142 1606 1325 1680 ἐπώκειλεν,

772 1704 791 1769 ὁ
818 1707 853 1769 δὲ
876 1707 1029 1784 Βραείδαι
1056 1709 1166 1787 ἐπιβὰε
1191 1709 1243 1773 ἐπὶ
1268 1711 1326 1788 τὴν

771 1811 827 1885 τῆε
857 1809 940 1872 νεὼε
969 1808 1158 1889 ἀποβάθραν
1187 1847 1221 1855 -
1250 1811 1327 1890 ήμύ-

771 1928 850 1973 νατο
865 1945 907 1954 —-
922 1931 948 1973 κ.
963 1930 988 1973 τ.
1005 1912 1032 1973 λ.

229 2009 465 2088 τραυματιεθελε
487 2009 595 2074 πολλὰ
618 2009 743 2074 ἐλειπο-
812 2010 906 2074 πέλοι
927 2011 963 2073 δὲ
984 2010 1035 2074 διά
1050 2015 1115 2076 τῶν
1137 2013 1327 2093 τραυμάτων

189 2113 313 2191 ψύχηεέ
328 2133 358 2175 τι
373 2111 497 2189 καὶ-ἡ
514 2110 604 2175 denir
620 2131 743 2191 περιερ-
770 2110 903 2190 αίματοε
919 2111 1107 2189 ἐκχυθέντοε
1133 2116 1260 2178 πολλοῦ
1276 2118 1327 2179 καὶ

187 2214 258 2292 ρύη.
770 2211 869 2276 αὐτοῦ
906 2208 1205 2291 λειποψυχήεαντοε
1235 2253 1276 2263 -
1305 2217 1324 2294 ἡ

769 2312 862 2377 άιπλε
878 2316 1080 2392 περιρρυείεα
1094 2337 1121 2378 κ.
1136 2337 1162 2378 τ.
1180 2319 1206 2379 λ.

140 2443 150 2456 ·
228 2415 385 2508 εἰειτοθτο
407 2417 443 2480 δὲ
458 2416 605 2494 περιέετη
628 2417 741 2496 ἡτύχη
812 2414 1016 2494 θαυμάιαιδ’
1037 2414 1077 2480 ἄν
1097 2418 1326 2497 τιειῆετύχηε
1378 2431 1389 2440 ·

187 2518 269 2582 ὥετε
289 2517 477 2596 Ἀθηναίου(
498 2519 556 2596 μὲν
579 2517 614 2582 ἐκ
634 2522 692 2604 γῇ(
707 2539 742 2582 τε
768 2517 806 2580 τὸ
827 2515 1014 2606 παράδοξον
1036 2518 1087 2580 καὶ
1107 2518 1165 2594 τὴν
1187 2517 1327 2598 ἰδιότητα

184 2620 237 2683 καί
251 2619 367 2698 ταύτης
378 2620 562 2696 Λακωνικῆε
573 2618 742 2705 ἀμύνειθαι
768 2620 826 2695 τῆε
839 2618 915 2695 περὶ
929 2618 987 2695 τὴν
1008 2615 1121 2681 Πάλον
1148 2620 1325 2686 διαθέεεωε.

184 2721 328 2786 ἐκείνου(
349 2720 572 2802 ἐπιπλέονταε,
593 2718 741 2784 Λακεδαι-
770 2718 929 2796 Ἀθηναῖοι
950 2716 1083 2796 μὲνγὰρ
1099 2718 1325 2796 ἐκτῆεΛακιυ-

185 2822 318 2901 μονίουε
340 2823 376 2886 δὲ
401 2821 436 2886 ἐκ
456 2825 540 2886 νεῶν
560 2821 611 2884 καὶ
631 2821 664 2894 ἐς
684 2821 742 2898 τήν
769 2822 856 2896 νικῆε
872 2817 1070 2898 ἀμυνάμενοι
1081 2819 1158 2884 rode
1172 2820 1331 2901 (παρτιά·“

184 2924 294 2988 αὑτῶν
304 2923 461 3002 πολεμίαν
473 2921 572 2987 οὖιαν
585 2922 640 2986 ἐπ’
656 2922 743 3001 Ἀθη·
768 2941 824 2985 rur
846 2919 1017 3004 ἐκράτουν,
1034 2919 1275 3002 Λακεδαιμόνιοι
1290 2927 1326 2988 δὲ

185 3025 297 3089 ναίουε
313 3023 509 3104 ἀποβαίνειν.
768 3025 826 3101 τὴν
842 3021 923 3086 ἰδίαν
945 3022 1055 3101 χώραν
1078 3023 1208 3101 ἔχοντεε
1223 3025 1257 3088 ἐκ
1271 3029 1326 3103 τῆε

769 3123 925 3201 θαλάεεηε
946 3125 1169 3204 προεέβαλλον
1184 3128 1252 3191 τοῑε
1266 3148 1325 3191 πο-

768 3225 895 3304 λεμίοιε.

270 3331 366 3404 Haec,
391 3350 575 3409 quamquam
596 3352 743 3392 summam
759 3351 826 3400 esse
848 3331 929 3389 inter
941 3330 1073 3389 Diodori
1085 3338 1116 3388 et
1130 3331 1325 3412 Thucydidis

183 3433 280 3494 verba
302 3432 533 3491 similitudinem
548 3434 702 3492 neminem
726 3435 826 3504 fallet,
851 3451 890 3491 ex
904 3431 970 3510 ipso
986 3431 1171 3511 Thucydide
1188 3433 1326 3493 desumta

184 3555 252 3594 esse
275 3554 315 3593 ne
338 3535 407 3611 quis
429 3542 530 3612 putet,
561 3534 786 3613 respiciendum
810 3541 869 3606 est,
900 3533 1070 3611 complures
1099 3552 1147 3590 res
1175 3533 1227 3592 illo
1257 3535 1324 3593 loco

183 3655 310 3714 prorsus
333 3634 423 3694 aliter
444 3637 562 3693 narrari
585 3657 602 3694 a
624 3636 763 3695 Diodoro
786 3643 878 3712 atque
901 3656 919 3692 a
941 3632 1137 3712 Thucydide.
1288 3618 1292 3625 ¹

270 3735 373 3815 Atque
396 3736 527 3815 primum
558 3736 680 3815 quidem
703 3739 735 3796 in
764 3737 864 3815 capite
889 3734 1078 3812 sexagesimo
1100 3734 1228 3793 Aetolos
1258 3757 1325 3796 cum
1353 3745 1355 3749 '

184 3841 379 3918 Naupactum
413 3838 614 3916 invaderent,
649 3839 787 3918 repulsos
821 3856 887 3896 esse
915 3837 1059 3909 refertur,
1095 3836 1177 3914 quod
1204 3844 1324 3896 tantum

184 3942 272 4002 abest
294 3948 327 3998 ut
350 3940 390 3999 ad
405 3939 621 4020 Thucydidem
636 3940 803 4018 pertineat,
828 3947 861 3996 ut
876 3940 901 3997 is
916 3939 949 3995 in
965 3938 1064 4015 capite
1083 3937 1140 3996 102
1157 3936 1227 3996 libri
1243 3940 1324 3999 tertii

181 4040 220 4104 τὸ
243 4037 436 4116 προὰετειον
457 4040 585 4100 Aetolos
608 4058 773 4120 occupasse
797 4048 910 4099 narret.

269 4143 307 4200 In
329 4143 390 4201 fine
420 4142 534 4201 deinde
563 4143 700 4202 eiusdem
729 4143 838 4221 capitis
861 4139 1073 4200 Ambraciotas
1096 4161 1115 4198 a
1137 4138 1322 4200 Lacedae·

182 4244 322 4304 moniis
344 4243 499 4322 praesidia
520 4245 715 4303 arcessivisse
733 4250 991 4314 commemora-tur,
1014 4262 1081 4299 curu
1102 4239 1323 4300 Corinthum
1371 4247 1374 4250 ’

181 4346 314 4418 misisse,
345 4346 397 4422 qui
424 4345 610 4424 praesidium
640 4354 794 4422 peterent,
825 4343 1036 4402 Ambraciotas
1066 4341 1267 4420 Thucydides
1291 4346 1321 4402 iu

181 4448 254 4507 libri
269 4447 319 4504 III
343 4447 443 4525 capite
469 4447 527 4503 114
552 4446 642 4505 dicat.

1104 4547 1118 4595 ,2
1210 4549 1218 4562 .
