3252 5108
754 285 962 347 ..44-

368 460 435 519 Lib.
460 461 527 519 XII
550 481 616 539 cap.
641 460 681 518 24
704 469 735 520 et
757 460 796 517 25
820 459 901 518 enim
924 479 975 531 ea,
1002 477 1081 537 quae
1096 458 1201 517 statim
1218 465 1288 535 post
1304 457 1424 517 decem-

283 564 365 622 viros
381 562 523 641 expulsos
535 563 651 622 Romae
669 561 751 621 facta
767 569 847 636 sunt,
865 561 909 619 ita
923 556 1145 632 describuntur,
1165 567 1200 618 ut
1211 559 1293 618 inter
1305 559 1425 638 Diony·

284 664 362 722 sium
388 664 438 723 vel
467 664 591 725 Livium
620 672 650 723 et
677 663 849 722 Diodorum
877 662 963 721 nulla
984 663 1081 741 primo
1106 661 1230 741 quidem
1254 659 1361 719 obtutu
1381 660 1426 718 vi·

285 764 396 826 deatur
431 760 552 826 extare*
571 765 777 825 necessitudo.
822 764 926 843 Atque
958 772 992 822 ut
1027 782 1078 841 eas
1113 762 1317 834 differentias,
1348 781 1427 840 quae

284 868 392 925 summi
419 869 566 926 momenti
588 875 675 939 sunt,
707 866 841 927 breviter
869 865 1008 937 afferam,
1038 862 1194 924 Diodorus
1228 864 1357 941 primum
1384 863 1428 921 ita

284 967 435 1046 loquitur,
466 969 553 1047 quasi
576 969 659 1028 solus
683 969 842 1040 exercitus,
874 967 999 1026 minime
1020 985 1093 1024 vero
1115 963 1203 1044 plebs
1219 984 1343 1042 quoque
1364 971 1429 1024 tota

285 1069 317 1127 in
335 1068 525 1128 Aventinum
540 1070 713 1142 secesserit,
746 1068 859 1128 deinde
886 1068 1065 1128 brevissimo
1093 1067 1238 1144 temporis
1260 1066 1360 1144 spatio
1383 1074 1427 1123 to-

286 1179 349 1228 tam
376 1190 441 1229 rem
468 1171 692 1249 complectitur,
729 1171 864 1248 denique
888 1201 924 1212 -
953 1169 986 1228 id
1021 1166 1103 1248 quod
1132 1166 1307 1247 Schwegler
1335 1168 1427 1244 potis·

285 1272 393 1330 simum
420 1273 532 1350 pressit
551 1306 591 1316 -
620 1281 725 1331 narrat
758 1281 833 1331 tunc
863 1272 895 1330 id
921 1271 991 1349 lege
1019 1279 1143 1329 cautum
1172 1289 1252 1342 esse,
1281 1277 1316 1328 ut
1345 1269 1425 1328 alter

286 1373 444 1432 consulum
473 1373 580 1452 utique
609 1394 626 1432 e
654 1373 745 1452 plebe
781 1381 950 1444 crearetur,
989 1381 1019 1430 et
1050 1372 1157 1431 liceret
1184 1389 1305 1450 quoque
1335 1369 1425 1429 ambo

288 1473 430 1533 consules
453 1473 590 1552 plebeios
614 1495 689 1535 esse,

373 1609 460 1686 Quae
483 1629 667 1689 quamquam
688 1611 785 1688 primo
802 1608 911 1670 obtutu
932 1610 1006 1669 satis
1021 1607 1162 1668 miranda
1183 1607 1329 1667 videntur
1351 1627 1427 1682 esse,

286 1720 389 1769 tamen
412 1712 437 1770 si
450 1712 620 1770 accuratius
633 1731 697 1770 rem
717 1710 969 1789 perpenderimus
984 1711 1068 1782 istos,
1091 1729 1207 1768 errores
1226 1729 1289 1769 non
1303 1709 1342 1768 ad
1354 1710 1428 1769 Dio-

288 1812 354 1871 dori
377 1813 508 1885 sontem,
533 1813 588 1871 sed
616 1813 655 1872 ad
683 1813 783 1890 ipsum
805 1812 976 1871 Diodorum
999 1811 1177 1871 referendos
1201 1831 1268 1871 esse
1290 1813 1429 1870 invenie-

288 1933 363 1972 mus.
388 1911 492 1991 Atque
515 1914 661 1992 imprimis
683 1913 716 1972 id
739 1913 966 1990 respiciendum
989 1921 1035 1972 est
1056 1912 1228 1972 Diodorum
1250 1933 1313 1974 non
1335 1913 1428 1971 histo-

287 2015 363 2074 riam
385 2013 603 2093 composuisse,
632 2015 688 2075 sed
709 2015 898 2074 solummodo
919 2015 995 2074 alios
1011 2015 1174 2092 scriptores
1190 2013 1275 2072 nullo
1291 2013 1430 2072 adhibito

286 2115 400 2174 iudicio
424 2118 611 2194 excerpsisse
639 2117 771 2195 ideoque
799 2115 830 2174 id
860 2117 972 2194 egisse,
1003 2123 1037 2174 ut
1066 2134 1102 2173 ea
1130 2134 1208 2192 quae
1236 2115 1267 2173 in
1292 2114 1430 2174 fontibus

287 2217 350 2276 suis
372 2217 552 2298 inveniebat
575 2218 795 2297 angustissimis
824 2217 935 2276 finibus
965 2214 1233 2276 circumscriberet.
1265 2216 1431 2276 Praeterea

289 2326 392 2376 autem
414 2318 447 2376 id
469 2320 578 2376 summi
601 2327 647 2378 est
669 2319 827 2390 momenti,
854 2318 938 2396 quod
952 2316 1108 2377 Diodorus
1124 2338 1176 2378 eas
1198 2338 1262 2389 res,
1287 2336 1362 2396 quas
1384 2319 1430 2376 in·

287 2426 391 2478 ternas
414 2420 573 2479 nominare
600 2420 746 2491 solemus,
771 2419 895 2478 minime
922 2421 1040 2478 curavit
1066 2420 1252 2498 minimeque
1274 2421 1341 2498 ipse
1362 2439 1431 2498 per-

289 2521 400 2600 spexit.
431 2518 562 2579 Accedit
577 2521 660 2598 quod
677 2521 800 2580 omnino
821 2541 870 2580 res
885 2521 1039 2581 Romanas
1055 2523 1142 2599 quasi
1157 2522 1190 2579 in
1205 2522 1430 2598 praetereundo

288 2623 388 2700 tangit
411 2630 442 2681 et
464 2622 555 2682 facile
577 2622 665 2701 quid,
696 2622 779 2701 quod
807 2623 866 2700 ipsi
888 2642 952 2680 non
974 2623 1078 2700 magni
1100 2623 1246 2682 momenti
1268 2623 1432 2684 videbatur

290 2743 364 2797 esse,
383 2724 504 2784 omittit.
537 2723 624 2783 Haec
639 2725 665 2782 si
680 2725 867 2802 respicimus,
884 2725 937 2784 va
951 2732 1026 2802 puto
1042 2742 1226 2802 quemquam
1241 2724 1324 2796 inde,
1348 2724 1431 2803 quod

291 2825 446 2884 Diodorus
480 2823 579 2903 plebis
606 2827 811 2884 secessionem
838 2846 901 2884 non
931 2826 1188 2898 commemoravit,
1218 2826 1432 2885 conclusurum

290 2945 356 2985 esse
379 2946 419 2984 ne
440 2945 509 2984 eum
531 2926 655 3003 quidem
677 2927 867 3004 scriptorem,
893 2947 931 2986 ex
960 2915 1029 3006 quo
1046 2926 1202 2986 Diodorus
1230 2925 1306 2986 baec
1320 2926 1430 3000 hausit,

289 3029 387 3106 ipsam
410 3024 530 3103 plebem
542 3027 706 3105 emigrasse
723 3029 754 3086 in
771 3039 905 3087 montem
914 3026 1105 3087 Aventinum
1119 3029 1268 3088 attulisse.
1297 3017 1431 3088 Omnino

290 3129 372 3187 enim
395 3147 444 3199 ea,
474 3147 553 3206 qnae
581 3129 680 3207 capite
696 3130 735 3187 65
758 3137 939 3202 narrantur,
963 3130 1103 3209 intellegi
1124 3139 1292 3208 nequeunt,
1316 3131 1377 3189 nisi
1399 3131 1432 3188 in

290 3229 421 3288 Diodori
453 3229 539 3289 fonte
568 3229 709 3308 plebeiae
739 3250 861 3309 quoque
894 3232 1074 3291 secessionis
1105 3232 1292 3290 mentionem
1320 3232 1433 3290 factam

291 3351 357 3390 esse
373 3331 543 3390 statuimus.
584 3330 664 3390 Nam
691 3342 726 3391 ut
754 3353 849 3392 unum
878 3333 1016 3405 afferam,
1047 3334 1199 3412 quomodo
1229 3334 1297 3412 quis
1327 3333 1433 3392 decem

291 3427 476 3508 δημάρχου(
499 3439 615 3492 creatos
644 3453 710 3492 esse
738 3454 863 3493 narrare
891 3442 1005 3513 potest,
1036 3436 1096 3494 nisi
1119 3435 1215 3514 ipsam
1237 3435 1358 3514 plebem
1380 3453 1432 3492 eos

293 3554 412 3594 creasse
446 3536 566 3608 statuit,
602 3537 782 3614 praesertim
810 3557 878 3595 cum
904 3537 950 3595 illi
978 3532 1150 3615 δήμαρχοι,
1178 3554 1254 3614 quos
1277 3536 1432 3595 Diodorus

292 3645 514 3709 commemorat,
538 3645 656 3697 tantam
678 3646 860 3716 potestatem
874 3636 1019 3698 habuisse
1043 3638 1193 3698 dicantur.

378 3770 471 3850 Quod
508 3779 610 3831 autem
639 3772 794 3832 Diodorus
830 3793 893 3832 rem
929 3773 973 3833 ita
1003 3773 1165 3847 describit,
1205 3775 1292 3853 quasi
1326 3775 1433 3854 paucis

293 3873 401 3933 diebus
435 3871 575 3932 absoluta
607 3875 658 3946 sit,
689 3873 722 3932 id
745 3875 858 3952 optime
886 3895 953 3934 cum
974 3875 1105 3934 Diodori
1137 3877 1167 3935 in
1202 3876 1357 3935 narrando
1386 3897 1431 3935 ra·

292 3977 377 4034 tione
406 3975 561 4054 congruit,
591 3977 643 4055 qni
667 3975 731 4036 fere
754 3994 912 4054 nunquam
935 3985 1075 4036 accurate
1105 3985 1276 4056 temporum
1299 3979 1433 4037 rationes

294 4077 438 4154 respexit.

378 4211 420 4270 Et
448 4211 556 4270 eadem
582 4208 663 4271 ratio'
688 4221 734 4272 est
767 4214 850 4272 tertii
884 4213 966 4273 illius
995 4217 1167 4294 argumenti
1194 4237 1212 4276 a
1240 4216 1433 4295 Schweglero

293 4314 456 4392 propositi,
486 4314 539 4391 qui
561 4313 635 4372 dicit
663 4314 733 4374 ideo
757 4314 840 4394 quod
864 4315 1010 4376 hocloco
1038 4316 1122 4395 leges
1145 4317 1433 4380 Valerio-Horatiae

294 4416 524 4475 confundentur
551 4435 619 4473 cum
646 4415 766 4494 legibus
795 4417 938 4492 Liciniis,
974 4418 1059 4478 illum
1087 4419 1186 4479 locum
1214 4419 1254 4479 ad
1283 4420 1434 4481 Graecum
