3252 5108
745 299 956 365 -28-

280 471 373 536 bebat
407 475 446 535 ab
474 475 532 534 Ilio
570 483 658 554 capto
693 495 790 553 usque
818 475 857 533 ad
895 475 1023 534 Romam
1066 474 1220 534 conditam
1258 493 1420 532 numerare

279 597 378 636 annos
406 577 481 649 432,
518 596 581 634 non
614 573 720 654 431⁹).
751 577 968 636 Mommsenius
996 584 1111 647 autem,
1142 576 1194 653 qui
1223 572 1281 632 hae
1314 573 1352 634 do
1385 595 1418 634 rs

279 697 349 756 pag.
385 679 445 736 159
480 677 659 753 disputavit,
694 697 854 757 perperam
886 677 967 737 hane
992 697 1143 736 annorum
1180 695 1327 734 summam
1355 696 1417 735 nno

277 779 372 837 auxit.
796 776 797 780 ’

361 913 405 973 Ut
431 916 514 974 euim
540 915 711 994 Dionysius
744 915 874 993 primum
901 913 1069 972 Numitoris
1103 913 1191 990 regni
1219 931 1334 972 annum
1362 931 1417 969 suo

276 1014 469 1074 Albanorum
496 1035 602 1094 regum
635 1015 731 1075 indici
763 1034 818 1093 per
849 1034 965 1073 merum
999 1034 1131 1072 errorem
1158 1012 1283 1084 adiecit,
1313 1013 1357 1072 ita
1385 1013 1416 1070 in

277 1115 408 1175 Diodori
430 1137 552 1196 quoque
575 1117 677 1176 indice
700 1116 785 1175 illum
812 1136 907 1174 unum
935 1135 1050 1173 annum
1071 1115 1290 1173 Mommsenius
1313 1133 1416 1172 nume-

278 1217 371 1289 ravit,
402 1219 485 1295 quod
512 1238 637 1297 prorsus
665 1218 777 1276 salsum
806 1236 872 1276 esse
899 1236 979 1274 unus
1003 1217 1132 1294 quisque
1156 1215 1249 1274 videt.
1284 1216 1364 1274 Nam
1392 1215 1418 1272 si

278 1337 334 1394 per
362 1338 495 1377 errorem
522 1318 695 1399 Dionysius
729 1319 815 1377 illum
846 1339 961 1378 annum
993 1317 1119 1390 adiecit,
1155 1318 1221 1396 ipse
1255 1324 1357 1375 autem
1385 1316 1417 1373 in

279 1437 396 1477 summa
428 1439 492 1478 non
525 1419 709 1492 numeravit,
742 1419 879 1498 profecto
903 1418 988 1478 nulla
1011 1425 1058 1477 est
1091 1438 1195 1490 causa,
1225 1438 1279 1476 our
1302 1417 1416 1475 Diodo-

277 1539 344 1578 rum
366 1539 487 1598 quoque
503 1541 566 1579 non
581 1521 679 1580 solum
702 1539 960 1593 commemorasse,
978 1520 1033 1579 sed
1049 1521 1141 1580 etiam
1156 1519 1189 1578 iu
1212 1518 1416 1596 computando

280 1640 456 1680 numerasse
478 1623 564 1681 illum
587 1643 702 1681 annum
723 1615 923 1700 putemus¹⁰).

365 1755 465 1833 Quam
493 1755 530 1814 ob
554 1775 619 1816 rem
641 1776 709 1815 oum
732 1754 785 1814 ille
811 1755 923 1828 index,
952 1774 1043 1833 quem
1065 1755 1197 1814 Diodori
1226 1763 1331 1814 censet
1354 1774 1420 1815 esse

278 1856 509 1930 Mommsenius,
534 1877 597 1915 non
620 1857 681 1915 432
704 1856 759 1915 sed
782 1857 840 1914 431
872 1875 970 1914 annos
993 1857 1164 1928 contineat,
1190 1856 1229 1916 ad
1252 1856 1419 1915 Diodorum

279 1957 323 2015 illi
352 1958 476 2036 quidem
509 1959 628 2017 numeri
660 1959 785 2016 minime
818 1958 926 2016 referri
958 1965 1098 2036 possunt.
1143 1958 1238 2018 Immo
1261 1978 1334 2016 vero
1363 1959 1419 2016 iste

280 2058 375 2117 iudex
403 2059 443 2117 ad
479 2079 548 2118 eum
574 2060 752 2137 scriptorem
774 2060 927 2138 pertinet,
953 2061 1020 2137 qui,
1056 2081 1123 2118 eum
1149 2061 1245 2138 primo
1273 2060 1421 2139 septimae

281 2159 466 2239 olympiadis
487 2181 569 2218 anne
590 2161 718 2218 Romam
739 2159 892 2218 conditam
916 2179 982 2219 esse
1005 2169 1165 2234 statueret,
1191 2160 1229 2220 ab
1252 2160 1310 2218 Ilio
1333 2168 1421 2238 capto

281 2279 378 2337 usque
406 2260 446 2318 ad
468 2261 596 2318 Romam
624 2262 779 2319 conditam
809 2281 907 2319 annos
929 2261 988 2320 431
1019 2263 1201 2321 numeravit.
1231 2261 1340 2321 Talem
1367 2281 1421 2319 au·

280 2370 342 2418 tem
369 2361 502 2418 indicem
535 2380 642 2420 revera
675 2360 713 2420 ab
741 2360 875 2420 Eusebio
903 2363 936 2419 in
965 2363 1162 2422 conficiendis
1183 2364 1246 2422 suis
1268 2361 1422 2421 indicibus

282 2459 454 2520 adhibitum
478 2479 544 2519 esse
567 2481 606 2520 ex
626 2460 693 2520 loeo
717 2462 821 2541 aliquo
836 2462 964 2522 Eusebii
987 2472 1124 2542 apparet,
1150 2464 1272 2542 dequo
1294 2463 1421 2521 Momm·

282 2563 386 2621 senius
409 2581 533 2641 prorsus
557 2562 635 2622 falso
658 2563 817 2622 iudicavit.

364 2696 401 2755 In
430 2698 531 2776 priore
563 2698 645 2756 enim
679 2697 891 2759 chronieorum
926 2719 1078 2758 sanonum
1104 2700 1183 2759 libro
1216 2700 1421 2777 fragmentum

282 2797 359 2856 illud
382 2818 421 2856 ex
442 2799 508 2876 ipso
525 2798 663 2857 Diodoro
686 2801 815 2877 petitum
838 2798 916 2860 haec
937 2795 1227 2880 subsequuntur¹¹):

367 2948 454 3021 „Iam
477 2957 508 3008 et
530 2949 713 3028 singillatim
733 2951 940 3010 Romanorum
963 2971 1051 3029 reges
1073 2952 1106 3010 hi
1128 2962 1218 3012 sunt:

435 3100 560 3160 Aeneas
818 3105 836 3160 3
854 3101 892 3179 -Ι-
909 3105 928 3160 3
971 3130 1013 3151 =
1057 3107 1075 3161 6

433 3201 585 3263 Ascanius
677 3207 833 3282 regnavit:

435 3301 549 3362 Silvius
570 3302 650 3362 Aen.
744 3351 761 3377 „

434 3403 559 3464 Aeneas
582 3405 656 3464 Silv.
744 3461 762 3490 Π

352 3741 378 3808 9)
396 3741 550 3792 Mommsen.
569 3741 689 3792 ohronol.
707 3758 772 3792 rom.
789 3757 815 3808 p.
835 3746 891 3794 153.

334 3825 376 3892 10)
394 3825 585 3877 Mommsenius
607 3841 638 3875 eo
657 3827 746 3878 minus
764 3828 792 3878 id
810 3832 928 3877 statuere
950 3827 1075 3890 debebat,
1099 3828 1163 3892 quia
1184 3843 1271 3893 nsque
1289 3829 1423 3879 Eusebius

282 3927 368 3977 neque
386 3912 579 3976 Hieronymus,
602 3926 669 3976 quos
692 3911 794 3962 indices
817 3927 881 3962 suos
903 3912 1055 3962 eDiotloro
1073 3912 1196 3963 hausisse
1218 3918 1321 3978 oenset,
1346 3913 1423 3963 illum

284 3995 433 4046 Numitoris
446 4011 546 4046 annum
558 4000 771 4046 commemorant.
801 3995 964 4046 Oeternmtle
982 3995 1033 4047 hoo
1046 3997 1159 4047 Diodori
1177 3996 1264 4047 indiae
1281 3998 1423 4063 disputans

282 4079 474 4130 Mommsenius
491 4081 587 4130 mirum
604 4081 633 4129 in
651 4080 757 4130 modum
775 4096 876 4146 semper
892 4081 959 4131 dicit
971 4081 1139 4145 singulorum
1157 4097 1335 4145 numerorum,
1355 4098 1423 4148 quos

283 4164 341 4228 ipse
367 4163 396 4213 in
422 4179 483 4228 pag.
503 4166 551 4215 159
577 4165 669 4229 affert,
697 4181 826 4215 summam
852 4181 909 4216 esse
930 4168 992 4229 4333
1019 4167 1098 4217 immo
1119 4182 1182 4216 vero
1210 4173 1274 4217 sunt
1295 4169 1345 4217 431
1358 4167 1424 4216 anni

283 4247 387 4296 adiecto
406 4247 453 4297 illo
471 4248 621 4298 Numitoris
639 4264 718 4299 anno.

336 4329 377 4396 11)
395 4332 474 4397 Apud
491 4332 653 4382 Zohrabium
671 4339 713 4384 est
730 4335 830 4399 pagina
848 4337 906 4386 214.
