3252 5108
656 295 866 360 ..59-

201 470 345 545 „orbus“,
370 471 424 530 sed
441 469 480 529 ad
503 477 600 529 totum
616 469 814 529 enunciatum
837 469 1002 530 referenda
1024 480 1078 544 est,
1102 473 1145 531 ita
1167 479 1201 530 ut
1228 472 1343 549 optima

197 572 275 631 haee
298 572 409 632 evadat
431 573 601 630 sententia:
625 569 798 644 Lubenter,
823 572 928 650 inquit
949 570 1199 650 Epaminondas,
1221 575 1342 648 morior,

187 669 270 751 'quia
299 672 427 732 Thebae
454 692 523 733 mea
552 691 645 751 opera
675 671 825 732 liberatae
853 681 933 731 sunt.
963 672 1002 732 Id
1030 693 1151 754 quoque
1179 675 1262 735 valet
1289 675 1342 736 ad·

196 775 301 833 mortis
325 775 446 833 dolores
461 773 640 845 leniendos,
665 773 757 851 quod,
774 792 957 852 quamquam
972 775 1039 834 sine
1061 778 1209 855 progenie
1222 779 1342 851 morior,

196 884 299 935 tamen
325 875 400 935 duos
422 874 535 934 liberos
559 873 710 953 relinquo.

281 977 426 1056 Denique
439 997 478 1036 ne
494 975 685 1054 respondent
701 975 825 1053 quidem
840 975 960 1036 Valerii
975 978 1070 1039 verba
1084 980 1259 1054 Diodoreis,
1276 1003 1343 1042 cum

197 1078 280 1155 apud
302 1079 474 1137 Diodorum
496 1076 730 1154 Epaminondas
753 1077 862 1150 amico,
895 1078 977 1156 quod
1004 1079 1057 1138 ille
1079 1075 1213 1144 ἄτεκνοι
1234 1085 1340 1144 moria·

196 1189 254 1251 tur,
279 1180 422 1256 querenti
443 1179 567 1237 minime
590 1197 624 1238 se
646 1178 714 1236 sine
736 1176 842 1236 liberis
864 1179 941 1237 mori
965 1178 1055 1253 dieat,
1080 1183 1162 1260 apud
1186 1183 1343 1244 Valerium

198 1299 269 1338 vero
292 1278 529 1357 Epaminondas
553 1298 628 1338 sane
651 1297 684 1336 se
701 1276 805 1335 orbum
827 1279 903 1336 mori
931 1281 1090 1340 concedat.
1126 1283 1266 1363 Apparet
1287 1289 1343 1366 igi·

197 1389 247 1439 tur
281 1401 319 1440 ex
352 1380 410 1439 hoc
447 1379 570 1458 quidem
606 1380 673 1439 loco
710 1377 853 1438 concludi
887 1399 951 1438 non
984 1401 1088 1458 posse,
1123 1384 1292 1446 Diodorum
1325 1409 1344 1447 a

200 1481 325 1540 Valerio
348 1482 482 1541 Maximo
506 1489 683 1562 excerptum
705 1499 781 1538 esse.

283 1599 395 1677 Neque
411 1600 479 1677 plue
502 1598 542 1658 ad
557 1598 615 1656 hoc
630 1595 824 1676 probandum
845 1597 928 1657 valet
944 1597 1022 1657 alter
1036 1600 1135 1675 locus,
1159 1623 1219 1682 quo
1235 1608 1343 1667 nititur

198 1701 366 1778 Kempfius.
410 1700 448 1757 In
475 1699 528 1757 lib.
553 1699 603 1756 IX
626 1699 707 1756 enim
731 1717 795 1775 cap.
823 1697 861 1754 12
890 1701 1092 1777 paragraphis
1123 1724 1207 1764 nona
1236 1715 1266 1766 et
1289 1709 1339 1769 de·

203 1802 280 1859 eima
308 1800 460 1860 Milonem
487 1809 517 1858 et
537 1799 795 1877 Polydamantem
820 1798 950 1858 athletas
973 1801 1154 1863 clarissimos
1177 1808 1341 1870 miserrime

196 1903 323 1979 periisse
346 1910 502 1975 narratur,
534 1901 583 1959 cui
610 1900 780 1959 narrationi
810 1899 976 1959 aValerio
999 1902 1134 1963 Maximo
1162 1907 1239 1969 haec
1261 1912 1337 1972 adii·

197 2004 318 2062 ciuntur
339 2002 448 2062 verba:
473 2001 627 2075 „Possunt
648 2001 681 2059 hi
697 1999 845 2078 praebere
869 1999 1083 2061 documentum
1105 2007 1199 2066 nimio
1228 2012 1337 2074 robore

196 2091 356 2182 corporum
367 2105 505 2182 vigorem
520 2103 631 2161 mentis
646 2101 811 2161 hebescere
827 2101 915 2178 quasi
930 2100 1087 2164 abnuente
1103 2115 1213 2169 natura
1228 2114 1338 2173 utrius-

196 2225 256 2284 que
278 2204 353 2264 boni
374 2205 584 2284 largitionem,
609 2223 649 2262 ne
664 2222 757 2280 supra
778 2202 936 2261 mortalem
952 2204 992 2261 sit
1007 2205 1185 2268 felicitatem
1207 2214 1340 2275 eundem

197 2327 262 2366 esse
285 2316 316 2366 et
337 2306 557 2367 validissimum
581 2312 611 2362 et
633 2303 922 2382 sapientissimum“.

279 2425 370 2484 Hanc
393 2433 494 2484 autem
509 2423 694 2482 sententiam
709 2420 868 2499 Kempfius
883 2429 1001 2482 tantum
1013 2423 1107 2500 abest,
1132 2437 1166 2487 ut
1181 2430 1339 2494 Valerium

195 2527 361 2586 Maximum
382 2547 436 2585 suo
460 2525 579 2604 ingenii
602 2523 741 2583 acumine
757 2523 946 2600 excogitasse
962 2534 1057 2600 putet,
1082 2536 1117 2586 ut
1138 2531 1188 2589 vel
1203 2533 1283 2593 hanc
1299 2556 1338 2596 ex

195 2627 333 2686 Diodoro
368 2627 536 2686 desumtam
568 2644 634 2683 esse
667 2630 799 2682 censeat.
845 2620 907 2699 Qui
939 2641 1122 2704 quamquam
1150 2631 1183 2689 in
1213 2632 1266 2693 lib.
1289 2636 1338 2695 IX

195 2730 366 2806 fragmento
384 2729 423 2784 14
445 2727 593 2785 Milonem
615 2732 646 2782 et
667 2722 924 2802 Polydamantem
946 2733 1206 2807 commemoravit,
1231 2743 1334 2797 tamen

196 2849 301 2888 eorum
317 2828 457 2906 exemplo
479 2846 543 2886 non
567 2825 671 2884 docuit
699 2842 859 2901 corporum
881 2824 987 2902 vigore
1007 2829 1119 2888 mentis
1141 2852 1268 2900 acumen
1285 2839 1335 2898 he-

195 2929 327 3002 bescere,
344 2929 400 2988 sed
422 2929 469 3001 id,
496 2929 528 2986 in
550 2946 662 3004 magno
684 2925 820 3003 periculo
842 2927 957 2984 versari
979 2947 1062 3000 eum,
1088 2931 1120 2988 in
1143 2952 1203 3012 quo
1226 2958 1338 3018 magna

194 3032 304 3089 virium
319 3031 422 3108 copia,
457 3048 553 3108 parva
586 3027 706 3105 ingenii
733 3027 780 3085 vis
808 3035 903 3102 esset,
942 3045 1017 3104 quas
1044 3037 1214 3094 sententias
1238 3039 1336 3099 diver-

194 3133 326 3190 sissimas
350 3150 416 3190 esse
436 3131 529 3211 quis,
563 3138 609 3188 est
642 3128 716 3206 quin
749 3127 874 3186 videat?
908 3125 996 3204 Quae
1019 3150 1086 3190 oum
1108 3133 1152 3192 ita
1179 3138 1255 3212 sint,
1284 3143 1337 3200 vix

194 3234 336 3310 cuiquam
358 3250 573 3310 persuasurum
595 3249 661 3289 esse
682 3228 857 3305 Kempfium
880 3236 967 3305 puto,
992 3228 1148 3292 Valerium
1171 3236 1335 3302 Maximum

194 3333 324 3392 Diodori
350 3333 443 3391 libros
470 3330 648 3392 adhibuisse
676 3330 715 3390 ad
739 3327 984 3407 componendum
1005 3350 1092 3391 suum
1115 3354 1199 3412 opus.

278 3433 320 3494 Ut
347 3434 441 3512 igitur
468 3433 508 3491 ad
541 3452 611 3491 eum
641 3431 742 3490 locum
774 3428 995 3507 regrediamur,
1031 3433 1115 3493 unde
1145 3436 1332 3518 devenimus,

194 3535 347 3594 Henricus
368 3533 462 3593 Peter
483 3533 590 3592 statuit
619 3551 723 3590 omnes
746 3550 797 3590 eos
819 3528 911 3603 locos,
936 3532 968 3588 in
992 3531 1101 3609 quibus
1124 3536 1280 3602 Diodorus
1304 3553 1334 3603 et

193 3636 375 3696 Plutarchus
398 3637 534 3694 interae
557 3633 769 3705 consentiunt,
799 3631 840 3690 ad
863 3631 1087 3712 Hieronymum
1109 3656 1175 3697 esse
1197 3643 1333 3704 referen-

194 3739 263 3812 dos3
288 3737 371 3815 quod
393 3737 504 3796 falsum
526 3755 592 3794 esse
613 3755 676 3794 uno
699 3733 765 3791 loco
788 3729 877 3790 nobis
901 3731 1131 3796 demonstrandi
1154 3745 1258 3802 evenit
1281 3765 1331 3824 op-

191 3839 372 3916 portunitas.

170 3939 180 3946 “
276 3940 431 3999 Diodorus
438 3934 477 4016 ⁶⁴)
495 3941 576 3998 enim
592 3947 623 3998 et
634 3935 815 3996 Plutarchus
824 3929 863 4009 55)
878 3953 929 3993 eos
944 3933 1060 4010 GalloS,
1074 3940 1184 4017 quibus
1194 3941 1332 4022 Pyrrhus
1402 3925 1406 3934 ἱ

191 4041 295 4119 Aegas
332 4040 549 4100 custodiendas
583 4039 772 4118 permiserit,
814 4035 1016 4096 Macedoniae
1049 4058 1154 4118 regum
1191 4047 1332 4123 sepulcra

191 4225 393 4234 -———---—

259 4344 303 4407 54)
321 4343 338 4395 l.
358 4345 391 4392 22
409 4341 501 4408 fragm.
521 4345 562 4395 12.
580 4342 709 4409 (excerpt.
726 4343 753 4393 d.
772 4344 835 4392 virt.
854 4341 881 4387 et
898 4338 947 4386 vit.
966 4354 990 4402 p.
1010 4337 1081 4406 563.)

258 4427 302 4494 bb)
319 4427 393 4479 Plut.
413 4427 508 4492 Pyrrh.
527 4443 550 4481 e.
569 4429 611 4479 26.

1109 4516 1125 4564 ὁ
