3252 5108
743 275 949 338 ,46-

271 451 390 510 ratione
417 451 557 529 singulae
584 471 632 509 res
655 451 754 509 factae
777 451 852 523 sint,
878 458 1017 510 accurate
1040 450 1176 527 exponit,
1200 449 1254 508 sed
1277 451 1310 509 in
1337 452 1413 529 ipsis

271 552 362 612 rebus
391 553 570 631 simpliciter
603 551 874 612 commemorandis
908 551 1084 630 acquiescit.
1128 539 1208 609 Iride
1242 552 1367 610 tandem
1396 573 1414 609 a

271 653 368 712 Roma
390 675 446 732 per
469 653 575 713 Gallos
597 655 723 712 incense
745 654 855 712 iterum
877 652 1014 730 singulas
1036 672 1085 710 res
1110 651 1287 724 dilucidius,
1312 654 1413 730 cepio·

271 755 347 828 sius,
372 755 495 832 planius
520 755 693 814 describere
715 755 834 832 incipit.

358 889 515 967 Quantum
544 910 616 948 vero
647 889 685 948 ab
715 889 772 948 hac
787 889 918 948 Diodori
947 889 1067 947 ratione
1091 908 1127 947 ea
1145 888 1253 960 distat,
1278 909 1369 967 quam
1392 911 1410 948 a

271 991 359 1049 Livio
383 1000 414 1049 et
435 991 587 1070 Dionysio
617 989 786 1050 adhibitam
815 991 954 1050 videmus
989 1009 1071 1066 esse3
1107 989 1129 1047 ii
1162 990 1244 1047 enim
1276 989 1309 1048 id
1343 1011 1413 1068 age·

270 1091 360 1164 bant,
395 1101 428 1150 ut
450 1091 625 1169 legentibus
656 1094 864 1152 narrationem
892 1092 1071 1163 dilucidam,
1107 1089 1273 1149 luminibus
1304 1092 1412 1150 floren-

270 1202 348 1265 tem,
378 1194 547 1271 copiosam,
579 1194 661 1252 omni
684 1203 830 1271 exparte
860 1193 1022 1252 rotundam
1037 1191 1230 1271 praeberent,
1260 1194 1282 1251 ii
1305 1196 1413 1270 paucis

273 1294 325 1365 eis,
350 1312 430 1371 quse
445 1315 463 1352 a
484 1295 545 1354 fide
569 1295 670 1372 dignis
686 1294 884 1372 scriptoribus
904 1295 1019 1354 tradita
1032 1301 1128 1366 erant,
1152 1312 1260 1372 parum
1276 1296 1414 1353 contenti

270 1415 332 1453 non
357 1394 540 1468 dubitabant
562 1395 710 1474 neglectis
734 1396 794 1454 illis
815 1397 938 1470 ieiunis,
963 1396 1066 1468 aridis,
1091 1403 1245 1454 vetustate
1269 1395 1413 1455 obsoletis

270 1495 468 1573 scriptoribus
498 1497 537 1556 ad
560 1497 719 1557 Valerium
744 1497 903 1558 Antiatem
928 1498 1066 1575 aliosque
1098 1499 1130 1557 id
1164 1517 1262 1576 genus
1285 1517 1412 1558 exorna-

269 1607 351 1656 tores
382 1597 555 1671 decurrere,
592 1600 660 1677 qui,
690 1619 751 1677 qna
779 1608 867 1658 erant
892 1599 1031 1676 fingendi
1060 1599 1221 1671 facultate,
1250 1601 1414 1658 acerrimos

273 1700 361 1776 quasi
384 1697 501 1758 colores
525 1709 555 1758 et
577 1702 726 1758 orationis
749 1699 865 1758 lumina
887 1701 923 1759 iis
946 1698 1146 1777 praebebant.

357 1834 434 1894 Cum
455 1835 513 1893 hoc
545 1844 647 1894 eutem
670 1836 841 1894 exornandi
872 1845 902 1894 et
925 1836 1007 1894 omni
1036 1843 1182 1912 exparte
1207 1835 1341 1895 dilucide
1365 1857 1412 1896 res

194 1943 207 1962 '³
270 1935 475 1995 adumbrandi
486 1937 588 1997 studio
602 1937 769 1996 arctissime
787 1938 911 2014 gravius
927 1937 1049 1995 illorum
1060 1938 1248 2015 scriptorum,
1269 1939 1321 2016 qui
1339 1938 1416 1998 haec

270 2038 460 2122 potissimum
476 2039 604 2099 artificia
617 2038 815 2110 adhibebant,
830 2039 938 2097 vitium
953 2037 1095 2097 cohaeret
1111 2046 1203 2116 atque
1219 2040 1416 2098 coniunctum

271 2146 327 2198 est.
357 2138 486 2198 Veteres
510 2142 591 2200 enim
613 2140 659 2199 illi
686 2160 786 2199 rerum
814 2141 990 2218 scriptores,
1021 2160 1088 2198 curn
1119 2160 1155 2199 ea
1178 2148 1278 2198 aetate
1301 2151 1413 2215 essent,

271 2260 331 2317 qua
353 2241 525 2299 Romanum
548 2243 682 2299 omnium
709 2243 846 2318 gentium
869 2243 1029 2320 imperium
1057 2242 1195 2300 nondum
1217 2244 1416 2301 constitutum

271 2351 351 2414 erat,
374 2362 458 2413 vera,
483 2343 601 2401 etiamsi
615 2343 761 2403 Romanis
785 2344 906 2420 ingrata
922 2351 1018 2414 erant,
1043 2343 1193 2402 (resultare
1209 2362 1310 2422 neque
1332 2345 1414 2404 vole-

270 2442 346 2501 bant
368 2462 469 2522 nsque
493 2443 658 2504 debebant.
689 2443 805 2504 Contra
827 2444 1013 2504 recentiores
1036 2445 1081 2502 illi
1103 2446 1275 2524 scriptores,
1299 2454 1333 2504 ut
1354 2447 1415 2504 Ro-

271 2565 378 2604 manos
401 2554 432 2604 et
454 2546 585 2604 invictos
598 2554 628 2606 ct
650 2545 873 2626 insuperabiles
885 2566 951 2604 esse
974 2546 1232 2617 demonstrarent,
1255 2546 1305 2604 vel
1328 2547 1414 2606 inho-

272 2655 360 2705 nesta
376 2647 502 2705 artificia
514 2646 712 2720 adhibebant,
737 2635 847 2727 quibus
859 2668 942 2720 vera,
960 2649 986 2707 si
998 2648 1145 2707 Romanis
1169 2649 1289 2725 ingrata
1302 2657 1413 2722 essent,

272 2756 325 2806 aut
346 2767 470 2827 prorsus
483 2749 688 2808 -occultarent
709 2757 762 2807 aut
794 2757 876 2808 certe
908 2750 1038 2808 maxime
1060 2749 1248 2835 infirmarent
1272 2759 1301 2808 et
1327 2751 1415 2828 qnasi

271 2847 348 2908 velis
371 2848 585 2908 obtenderent.

358 2966 428 3045 Qua
451 2969 483 3026 in
506 2988 538 3027 re
561 2979 677 3046 quanta
699 2969 739 3026 sit
761 2971 841 3028 inter
859 2969 1029 3028 Diodorum
1052 2977 1082 3028 et
1099 2969 1236 3041 Livium,
1261 2971 1313 3048 qui
1337 2971 1414 3029 eius-

272 3069 355 3129 modi
378 3069 567 3147 potissimum
590 3069 788 3148 scriptoribus
811 3090 882 3129 usus
906 3078 964 3142 est,
991 3069 1164 3129 differentia
1185 3071 1291 3148 paucis
1315 3091 1414 3130 exem·

274 3171 347 3249 plis,
372 3190 450 3250 quae
473 3171 513 3230 ad
534 3172 616 3230 hanc
638 3193 701 3232 rem
716 3171 907 3250 probandam
921 3170 1085 3249 plurimum
1106 3191 1195 3249 posse
1217 3172 1291 3230 mihi
1308 3173 1414 3232 viden-

273 3280 336 3344 tur,
366 3271 591 3332 demonstrabo.
627 3271 731 3353 Atque
759 3275 889 3352 primum
923 3272 1046 3350 quidem
1078 3293 1128 3345 ea,
1160 3292 1239 3350 quae
1259 3273 1414 3332 Diodorus

273 3373 327 3432 lib.
350 3372 430 3432 XIV
452 3393 520 3452 cap.
545 3375 604 3432 113
629 3383 659 3432 et
680 3375 879 3454 sequentibus
910 3373 948 3433 de
976 3373 1134 3434 Gallorum
1162 3375 1194 3433 in
1223 3395 1328 3453 agrum
1353 3376 1413 3433 Ro-

273 3496 397 3534 manum
418 3475 595 3535 incursione
617 3485 735 3550 narrat,
760 3475 967 3554 comparanda
995 3484 1067 3535 sunt
1090 3497 1157 3536 cum
1180 3477 1232 3548 iis,
1263 3495 1341 3554 quae
1364 3477 1414 3534 Li-

273 3577 341 3634 vius
362 3575 416 3634 lib.
440 3576 469 3635 V
492 3597 558 3656 cap.
575 3577 615 3636 35
639 3586 670 3637 et
690 3576 890 3656 sequentibus
912 3578 950 3636 de
973 3577 1081 3636 eadem
1102 3597 1135 3636 re
1151 3577 1248 3637 affert.
1278 3577 1327 3636 Ne
1341 3598 1414 3637 vero

274 3688 393 3757 tempus
416 3686 511 3736 teram
533 3679 702 3756 repetendo
730 3699 779 3752 ea,
810 3699 889 3758 quae
916 3679 976 3737 iam
998 3679 1118 3756 pridem
1145 3680 1220 3738 satis
1247 3679 1340 3758 plane
1364 3700 1413 3738 ex·

274 3780 375 3858 posita
396 3788 481 3852 sunt,
510 3780 568 3838 hac
596 3779 635 3839 de
663 3801 696 3840 re
726 3780 935 3859 disputaturus
961 3781 1101 3858 legentes
1127 3780 1166 3840 ad
1190 3780 1416 3859 Schweglerum

275 3880 399 3960 ablego,
429 3883 482 3960 qui
504 3882 536 3939 in
559 3881 704 3941 historiae
726 3882 885 3940 Romanae
906 3881 1062 3940 volumine
1083 3883 1173 3940 tertio
1207 3882 1281 3941 inde
1304 3903 1322 3942 a
1343 3903 1414 3961 pag.

276 3983 337 4040 234
365 4003 480 4042 summo
519 4002 586 4042 cum
616 3983 770 4055 acumine,
807 4003 860 4041 cur
886 3982 1017 4042 Diodori
1046 3985 1180 4042 narratio
1210 3983 1416 4062 praeferenda

279 4092 358 4142 esset
379 4084 544 4157 Livianae,
570 4085 802 4144 demonstravit.

361 4201 567 4262 Gravissimae
590 4212 692 4262 autem
718 4205 799 4262 inter
821 4204 991 4264 Diodorum
1019 4213 1049 4263 et
1079 4205 1201 4263 Livium
1224 4204 1415 4263 differentiae

277 4304 335 4362 hae
358 4311 438 4361 sunt.
