3252 5108
760 315 970 380 -50-

1293 459 1310 500 b

183 554 187 558 ,
289 492 366 550 haec
388 491 552 551 adiiciens:
581 492 707 550 invenio
737 491 819 568 apud
842 490 991 569 quosdam
1020 490 1180 549 adversam
1208 511 1275 549 eam
1298 511 1433 568 pugnam

290 593 384 652 luisse
417 593 564 653 Romanis
598 600 690 671 atque
722 592 755 650 in
789 613 826 651 ea
861 591 1007 651 cecidisse
1042 591 1080 669 Q
1108 590 1223 650 Aulum
1256 592 1433 670 magistrum

294 694 437 771 equitem.

374 811 448 889 Ipsa
470 811 546 870 haec
568 809 670 883 verba,
695 818 812 890 quanta
827 812 866 869 sit
883 811 1020 870 Diodoro
1036 810 1118 870 fides
1127 809 1280 883 habenda,
1308 811 1431 870 demon-

292 920 392 972 strant
413 920 506 990 atque
528 913 677 973 indicant.

339 1031 342 1038 ’
374 1029 413 1088 In
438 1029 476 1109 Q.
492 1029 564 1089 Auli
586 1031 686 1090 locum
701 1063 741 1072 -
757 1031 800 1088 sic
813 1030 914 1108 pergit
924 1031 1031 1089 Livius
1048 1063 1085 1072 -
1103 1051 1169 1088 cum
1183 1029 1217 1089 O.
1231 1030 1346 1089 Fabius
1369 1032 1430 1091 suf-

291 1133 388 1191 fectus
411 1139 504 1203 esset,
528 1132 582 1210 qui
604 1139 742 1191 recentes
766 1131 877 1190 milites
899 1132 997 1190 Roma
1021 1131 1161 1190 dictatori
1177 1131 1322 1203 adduxit,
1348 1131 1431 1190 Sam-

291 1232 371 1291 nites
395 1233 509 1292 devicti
530 1241 610 1292 sunt.

374 1348 418 1409 At
461 1351 543 1410 enim
584 1371 652 1410 cum
694 1350 771 1410 haec
814 1371 919 1428 pugna
960 1371 978 1408 a
1020 1351 1159 1411 Diodoro
1202 1352 1326 1409 omnino
1370 1373 1433 1411 non

292 1461 564 1525 commemoretur,
606 1472 673 1511 eam
706 1452 817 1511 factam
850 1472 914 1510 non
950 1472 1016 1510 esse
1054 1451 1129 1510 mihi
1165 1453 1289 1531 quidem
1324 1454 1433 1532 proba·

292 1551 354 1612 bile
377 1562 432 1613 est.

375 1671 520 1750 Denique
548 1692 585 1731 ea
607 1673 688 1732 inter
715 1691 748 1731 se
777 1671 1033 1752 comparabimus,
1062 1691 1141 1750 quae
1163 1671 1199 1732 L.
1223 1674 1380 1733 Postumio
1403 1684 1435 1734 et

290 1772 363 1832 'rito
386 1773 522 1831 Minucio
546 1773 722 1833 consulibus
745 1774 917 1833 aDiodoro
939 1781 970 1832 et
984 1774 1073 1832 Livio
1097 1774 1178 1832 facta
1201 1794 1269 1835 esse
1292 1777 1434 1835 traditur.

290 1874 332 1932 Et
364 1874 521 1933 Diodorus
555 1875 680 1952 quidem
706 1875 760 1935 lib.
783 1875 848 1933 XX
881 1895 947 1954 cap.
972 1876 1013 1934 90
1041 1874 1117 1935 duas
1152 1896 1219 1936 curn
1247 1877 1436 1960 Samnitibus

291 1996 411 2054 pugnas
435 1977 610 2036 commissas
633 1997 699 2036 esse
722 1985 840 2050 narrat,
871 1979 902 2036 in
931 1996 1060 2056 quarum
1081 1977 1178 2036 altera
1200 1979 1311 2056 viginti
1339 2000 1436 2038 unum

290 2079 381 2156 signa
408 2077 547 2137 hostibus
576 2079 728 2152 ademta,
758 2078 790 2136 in
813 2077 910 2138 altera
936 2079 1004 2157 ipse
1032 2077 1095 2137 dux
1118 2077 1299 2138 Samnitium
1316 2078 1436 2140 Gellius

293 2177 390 2238 Gaius
413 2187 520 2258 captus
535 2180 584 2239 sit.
600 2181 707 2240 Livius
722 2200 795 2240 vero
814 2179 869 2239 lib.
888 2180 937 2237 IX
959 2199 1025 2258 cap.
1042 2180 1083 2236 44
1102 2188 1133 2238 et
1154 2181 1354 2259 sequentibus
1376 2183 1437 2240 tria

292 2280 411 2359 proelia
432 2301 500 2339 cum
523 2280 710 2341 Samnitibus
732 2302 751 2340 a
765 2281 912 2340 Romanis
936 2281 1095 2340 commissa
1118 2301 1198 2354 esse,
1224 2301 1353 2360 quorum
1374 2285 1435 2362 pri-

292 2402 403 2440 muma
418 2382 556 2441 Diodoro
573 2402 637 2440 non
653 2390 919 2441 commemoratum
931 2382 972 2440 ad
984 2381 1147 2440 Tifernum
1162 2382 1277 2442 factum
1288 2384 1337 2457 sit,
1352 2384 1436 2444 dicit.

295 2483 465 2561 Quominus
497 2492 599 2543 autem
629 2483 710 2544 hanc
741 2504 878 2563 pugnam
910 2504 1018 2543 revera
1047 2482 1159 2542 factam
1189 2505 1254 2544 esse
1284 2494 1435 2563 putemus,

293 2585 367 2645 mihi
389 2586 514 2664 quidem
536 2585 569 2646 id
592 2584 712 2646 obstare
734 2585 871 2659 videtur,
896 2586 979 2665 qnod
1000 2584 1108 2644 Livius
1130 2586 1196 2664 ipse
1220 2585 1293 2644 dicit
1308 2588 1435 2665 scripto-

294 2705 342 2746 res
365 2686 445 2746 hanc
467 2707 603 2766 pugnam
626 2688 788 2747 afferentes
812 2690 845 2747 in
868 2687 1003 2747 diversas
1032 2695 1133 2765 partes
1159 2687 1329 2760 discedere,
1359 2689 1437 2747 alios

296 2790 379 2848 enirn
394 2788 548 2848 Samnites
570 2789 667 2848 victos
691 2798 722 2849 et
742 2791 855 2868 viginti
870 2789 967 2848 millia
982 2796 1087 2867 captos
1111 2807 1177 2847 esse
1200 2808 1334 2861 narrare,
1360 2790 1438 2848 alios

270 2867 271 2878 ,
295 2907 394 2967 aequo
416 2890 516 2948 Marte
538 2898 709 2968 pugnatum
731 2909 798 2950 esse
820 2909 1066 2950 commemorare.

379 3008 446 3067 Iam
468 3015 546 3068 vero'
565 3029 632 3068 cum
655 3029 693 3068 ex
714 3009 762 3067 his
783 3009 858 3067 locis
880 3009 913 3067 id
928 3008 1169 3068 luculentissime
1192 3030 1341 3088 apparere
1363 3010 1439 3069 mihi

296 3110 451 3183 videatur,
481 3107 664 3188 Diodorum
681 3110 829 3189 optimum
858 3127 988 3188 eumque
1015 3113 1231 3190 perantiquum
1259 3113 1439 3190 scriptorem

297 3214 484 3291 excerpsisse
492 3216 504 3287 ‚'
523 3213 607 3292 quod
629 3212 694 3272 eius
717 3211 811 3272 suerit
832 3232 958 3283 nomen,
983 3231 1172 3290 quaeramus

380 3327 599 3391 Mommsenius
631 3329 835 3391 Niebuhrium
867 3325 989 3390 secutus
1021 3331 1053 3388 in
1085 3331 1150 3389 eius
1183 3330 1273 3403 libri,
1308 3350 1368 3410 quo
1400 3332 1439 3390 de

297 3433 495 3512 chronologia
517 3433 657 3492 Romana
679 3434 755 3512 egit,
785 3433 918 3512 paginae
940 3433 1130 3510 potissimum
1154 3433 1213 3490 127
1237 3433 1439 3493 adnotatione

298 3540 357 3596 231
382 3557 421 3596 ex
441 3534 539 3594 Fabio
562 3535 684 3594 Pictore
708 3534 880 3593 Diodorum
903 3535 1005 3594 omnia
1027 3554 1063 3592 ea
1085 3533 1223 3593 hausisse
1247 3535 1335 3608 dicit,
1359 3554 1440 3614 quae

299 3639 337 3699 de
360 3637 450 3697 rebus
472 3658 491 3695 a
517 3637 665 3696 Romanis
691 3655 789 3716 usque
817 3636 856 3695 ad
884 3635 997 3715 Pyrrhi
1020 3644 1152 3695 aetatem
1181 3637 1275 3714 gestis
1305 3634 1439 3696 exhibet.

299 3739 358 3801 Oui
379 3740 553 3799 sententiae
575 3738 729 3798 adversati
756 3745 828 3797 sunt
855 3737 1080 3816 Baumgardtus
1111 3737 1143 3795 in
1168 3758 1203 3796 eo
1231 3737 1353 3810 libello,
1379 3757 1439 3815 quo

299 3844 338 3903 de
370 3840 469 3900 Fabio
499 3840 621 3899 Pictore
655 3840 730 3918 egit,
770 3840 864 3899 Peter
896 3841 928 3898 in
962 3841 1026 3899 eius
1057 3838 1143 3912 libri,
1178 3841 1231 3918 qui
1264 3837 1442 3898 inscribitur

299 3943 452 4018 „Studien
475 3948 615 4002 znrrdm.
629 3940 849 4014 Geschiehte“,
875 3943 990 4020 pagina
1006 3941 1279 4028 duodetrigesima,
1305 3940 1441 4018 deniqne

299 4039 509 4121 Nissenius45)
526 4046 558 4103 in
574 4064 612 4103 ca
626 4045 891 4116 commentatione,
904 4061 984 4121 quae
999 4043 1176 4102 inscribitur
1188 4042 1268 4115 „Die
1283 4042 1441 4100 Remisch-

301 4146 549 4224 Karthagisehen
564 4146 879 4224 Handelsvertrltge“.
909 4145 952 4204 At
966 4165 1039 4205 vero
1055 4145 1158 4204 nullus
1177 4145 1285 4203 horum
1307 4145 1442 4203 virorum

303 4349 505 4359 ——n——a

369 4467 413 4533 45)
431 4465 521 4517 Iahnii
538 4463 638 4516 annall.
657 4463 710 4515 vol.
728 4466 761 4514 27
779 4479 840 4531 pag.
859 4468 917 4516 328.
