3252 5108
755 303 960 401 „304

284 514 411 574 Romam
434 511 587 573 conditam
610 531 676 571 esse
698 512 805 570 statuit
818 509 979 582 Eusebius,
1004 529 1103 568 annus
1126 508 1164 567 ab
1187 508 1246 567 Ilio
1270 518 1358 587 capto
1381 517 1428 567 est

255 609 257 611 ’
283 615 360 687 429,
385 616 427 673 ita
454 622 488 672 ut
515 613 553 673 ab
577 613 634 672 Ilio
670 622 758 690 uapto
781 632 877 690 usque
905 611 944 670 ad
968 611 1050 669 huno
1072 630 1186 669 annum
1214 618 1428 688 computentur

286 717 360 773 anni
382 717 455 774 428.
1356 784 1360 790 ,

371 816 489 894 Quodsi
512 817 570 874 iste
586 834 729 874 numerus
745 815 821 886 431,
847 833 937 891 quem
951 813 1104 872 Eusebius
1127 821 1348 885 commemorat,
1373 832 1425 871 ne-

285 937 344 995 que
374 939 441 976 eum
471 917 627 976 Diodorea
656 936 756 994 neque
785 936 853 974 cum
875 913 1052 974 Eusebiana
1081 914 1280 993 computandi
1308 915 1426 972 ratione

286 1028 449 1097 congruat,
475 1019 514 1077 ad
529 1017 715 1097 Dionysium
739 1037 807 1076 eum
831 1016 1027 1076 referendum
1044 1035 1109 1076 esse
1125 1024 1266 1095 apparet,
1291 1017 1426 1094 quicum

285 1121 382 1197 primo
405 1119 592 1199 olympiadis
608 1120 756 1197 septimae
779 1139 860 1176 anno
877 1119 1004 1176 Romam
1020 1117 1174 1176 conditam
1197 1137 1262 1176 esse
1278 1124 1425 1188 narraret,

284 1220 322 1279 ab
345 1221 403 1279 Ilio
427 1229 516 1300 oapto
540 1240 635 1298 usque
658 1218 699 1279 ad
721 1220 848 1277 Romam
871 1219 1025 1278 conditam
1042 1218 1174 1278 debebat
1195 1212 1304 1294 43112)
1329 1237 1427 1276 annos

285 1341 456 1382 numerare.

370 1439 436 1498 Iam
457 1460 530 1498 vero
553 1461 621 1498 eum
635 1437 812 1497 Eusebium
833 1438 891 1497 hoe
913 1439 979 1497 loeo
1003 1437 1054 1497 e'os
1070 1456 1211 1496 numeros
1235 1446 1306 1495 ante
1323 1436 1426 1496 oeulos

285 1539 438 1613 habuisse,
456 1559 531 1618 quos
548 1541 614 1619 ipse
627 1533 767 1617 supra¹³)
786 1540 932 1618 Dionysii
948 1559 1013 1598 esse
1038 1539 1129 1610 dixit,
1153 1538 1320 1609 videamus,
1344 1539 1424 1596 ineo

242 1641 245 1646 ’
284 1661 405 1720 quoque
434 1640 536 1700 indice
565 1639 790 1718 componendo,
821 1641 874 1717 qui
902 1640 957 1698 hos
981 1659 1020 1699 ex
1041 1640 1193 1717 Dionysio
1223 1640 1290 1717 ipso
1314 1640 1424 1717 petitos

284 1762 426 1801 numeros
449 1743 586 1821 proxime
602 1740 771 1812 antecedit,
795 1739 1023 1820 Dionysianum
1038 1737 1231 1798 Albanorum
1252 1759 1359 1818 regum
1380 1740 1423 1798 in-

284 1844 395 1902 dicem
405 1843 442 1900 ab
458 1842 595 1900 Eusebio
612 1851 783 1920 respectum
799 1860 866 1899 esse
881 1840 1049 1900 verisimile
1066 1848 1125 1913 est,
1151 1841 1182 1899 id
1198 1840 1281 1918 quod
1296 1841 1425 1918 singulis

283 1965 405 2023 quoque
428 1944 561 2002 numeris
585 1963 690 2002 eorum
711 1941 861 2014 indicum,
892 1943 944 2020 qui
967 1941 1051 2018 apud
1073 1941 1241 2001 Eusebium
1263 1952 1293 2000 et
1315 1942 1424 2000 Hiero-

284 2066 409 2125 nymum
432 2045 645 2116 inveniuntur,
670 2043 826 2122 probatur.
864 2040 978 2101 Omnes
995 2044 1076 2101 enirn
1098 2042 1131 2100 hi
1147 2043 1264 2102 indices
1287 2043 1331 2100 ita
1347 2062 1425 2101 eom-

284 2149 383 2227 parati
408 2155 494 2220 sunt,
519 2155 552 2206 ut
568 2166 799 2225 cognoscamus,
829 2147 962 2204 omnium
985 2145 1218 2205 fundamentum
1241 2165 1307 2204 esse
1333 2146 1425 2204 talem

282 2249 429 2320 indicem,
464 2249 497 2306 in
530 2267 590 2324 quo
624 2246 662 2305 ab
692 2247 750 2305 Ilio
784 2256 872 2324 captu
907 2265 1005 2324 usque
1038 2246 1078 2306 ad
1111 2247 1238 2306 Romam
1271 2247 1426 2307 conditam

283 2351 358 2408 anni
385 2351 444 2408 431
479 2349 631 2406 numerati
665 2347 794 2419 fuerint,
830 2345 999 2424 exquibus
1024 2347 1190 2420 Eusebius,
1216 2368 1283 2406 oum
1305 2347 1343 2406 ab
1365 2348 1425 2406 Ilio

283 2459 371 2530 capto
406 2469 502 2528 usque
535 2449 574 2508 ad
604 2448 732 2507 Romam
762 2448 916 2506 eonditum
942 2456 1090 2507 statueret
1124 2469 1190 2507 esse
1225 2469 1323 2507 annos
1351 2450 1423 2522 428,

282 2561 343 2611 tres
365 2551 504 2611 omittere
526 2547 671 2622 debebat,
695 2549 727 2608 id
747 2548 830 2627 quod
843 2549 876 2606 in
891 2550 951 2606 alio
968 2550 1070 2609 indice
1087 2550 1175 2609 aliter
1190 2551 1304 2609 factum
1326 2559 1381 2609 est.

370 2686 461 2764 Quod
484 2705 544 2764 quo
567 2685 689 2762 planius
711 2686 764 2757 sit,
789 2693 860 2743 ante
889 2685 992 2743 omnia
1013 2705 1082 2742 eum
1106 2684 1240 2743 indicem
1255 2685 1424 2758 afferemus

287 2790 339 2867 qui
369 2790 401 2846 in
424 2787 570 2866 Dionysii
593 2786 875 2845 Halicarnassensis
897 2783 967 2844 libri
990 2787 1005 2844 Ι
1035 2786 1185 2863 capitibus
1208 2786 1265 2858 64,
1292 2787 1350 2858 65,
1376 2789 1424 2859 70,

288 2891 322 2946 71
350 2890 514 2965 reperitur:

638 3053 763 3113 Aeneas
1000 3057 1018 3112 ss

638 3156 791 3213 Ascanius
980 3158 1019 3213 38

640 3257 754 3316 Silvius
980 3259 1019 3315 29

639 3358 762 3419 Aeneas
785 3358 860 3417 silv.
979 3361 1016 3416 31

639 3460 768 3518 Latinus
978 3462 1014 3518 51

638 3561 720 3621 Alba
888 3633 895 3644 ,
980 3564 1018 3620 33

638 3665 748 3742 Epitus
872 3705 878 3710 -
981 3665 1020 3721 26

639 3764 741 3845 Oapys
980 3767 1020 3822 28

641 3866 786 3946 Calpetus
981 3870 1019 3924 13

301 4010 483 4017 --——..-—-

354 4134 396 4198 12)
415 4134 529 4199 Dionys.
542 4135 630 4185 Helie.
643 4134 748 4200 antiqu.
767 4148 832 4183 rom.
844 4133 861 4183 1.
875 4134 896 4188 Ι.
909 4151 966 4200 eap.
977 4137 1016 4184 11.
1036 4137 1078 4198 τῷ
1091 4133 1121 4184 δ’
1133 4133 1196 4199 ἐξῆ(
1209 4134 1264 4186 ἔτει
1276 4138 1327 4200 τῆ(
1342 4133 1425 4199 Νεμέ-

284 4234 378 4284 ampo(
396 4219 482 4284 dexi<
501 4218 651 4286 δευτέρῳ
670 4218 700 4268 δέ
718 4218 763 4269 sul
781 4222 971 4285 τριακοετῷ
995 4219 1040 4270 sot
1058 4223 1330 4284 τετρακοειοετῷ
1355 4220 1426 4283 μετὰ

284 4305 339 4368 τὴν
359 4302 439 4355 Ἰλίου
465 4302 570 4355 dauco
588 4332 620 4340 —-
644 4301 780 4356 stiloncrv
804 4301 916 4368 Ῥώμην
939 4303 1021 4356 ἔτους
1044 4305 1200 4355 ἐνεετῶτο(
1224 4304 1341 4369 πρώτου
1373 4307 1426 4369 τῆ(

284 4387 402 4453 ἑβδόμη(
423 4386 618 4451 Ὀλυμπιάδος.

353 4473 394 4538 13)
414 4473 536 4524 Exerrnte
554 4473 571 4522 1.
589 4474 610 4523 Ι.
629 4490 686 4538 cap.
706 4475 747 4522 44.
765 4473 836 4537 apud
855 4473 968 4523 Zohrab.
989 4490 1048 4539 pag.
1066 4478 1124 4525 203.
1222 4523 1225 4530 ,
