3252 5108
751 323 959 389 -52...

367 499 471 579 Atque
492 500 550 558 hoe
572 499 639 558 looo
662 507 735 559 ante
758 500 861 559 omnia
883 497 1179 558 commemorandum
1208 505 1267 569 est,
1292 495 1422 555 Fabium

282 604 434 662 Pictorem
463 601 581 661 Graece
593 595 633 678 ¹¹⁶)
665 593 835 679 scripsisse,
865 600 947 678 quod
970 599 1078 677 quanti
1100 599 1140 657 sit
1161 598 1317 670 momenti,
1348 598 1422 657 iude

282 712 424 783 apparet,
449 703 531 780 quod
546 702 631 761 nullo
647 702 779 762 Diodori
800 703 868 761 looo
883 703 1039 760 Romanus
1055 720 1155 759 rerum
1178 700 1307 777 scriptor
1322 717 1422 776 neque

282 806 457 865 nominatur
478 824 580 884 neque
603 804 759 865 adhibitus
782 823 848 864 esse
870 803 1003 862 videtur.

365 957 431 1016 Iam
453 955 581 1016 veroin
609 955 676 1034 ipsa
697 955 828 1015 Diodori
851 954 1028 1013 narratione
1058 953 1169 1032 ecquid
1191 953 1245 1026 sit,
1271 952 1353 1030 quod
1382 953 1423 1010 ad

175 1115 179 1121 .
280 1059 411 1118 Fabium
438 1059 590 1117 Pictorem
616 1076 672 1115 nos
701 1057 806 1130 ducat,
835 1054 1053 1134 quaerentibus
1081 1054 1170 1113 nobis
1197 1052 1422 1132 respiciendum

281 1168 327 1219 est
341 1160 394 1218 lib.
411 1160 491 1218 VIII
507 1159 615 1236 fragm.
630 1160 679 1230 31,
698 1158 781 1238 quod
796 1157 981 1222 ¹simillimum
997 1177 1063 1215 esse
1076 1157 1165 1216 alteri
1180 1155 1252 1214 libri
1267 1155 1313 1214 VI
1328 1155 1422 1235 capiti

282 1260 405 1340 Polybii
432 1260 609 1340 apparebit,
644 1261 670 1318 si
697 1268 859 1336 utrumque
886 1257 986 1316 locum
1008 1258 1208 1317 attulerimus

499 1443 642 1507 Polybius:
733 1518 738 1522 ι
874 1439 877 1550 ῳ
1081 1439 1230 1490 Diodorus:

323 1561 585 1640 παραγενόμενος
612 1560 647 1624 δὲ
668 1559 701 1642 (ὁ
716 1559 860 1640 Λεύκιος)
932 1558 981 1624 ὅτι
996 1557 1422 1636 ΛεύκιοςΤαρκύνιοςὸτῶν

281 1661 324 1726 εἰς
349 1661 474 1740 Ῥώμην
499 1663 551 1726 καὶ
570 1663 676 1740 τυχὼν
696 1665 752 1739 τῆς
771 1664 862 1724 πολι-
891 1659 1056 1740 Ῥωμαίων
1083 1661 1227 1739 βαςιλεὺς
1249 1659 1422 1724 ςπουδαίας

280 1763 365 1827 τείας
381 1763 500 1827 εὐθέως
534 1763 692 1842 ἡρμόςατο
709 1763 791 1841 πρὸς
805 1763 863 1840 τὴν
891 1760 1004 1838 ἔτυχεν
1025 1759 1155 1838 ἀγωγῆς
1177 1762 1228 1825 καὶ
1247 1761 1422 1840 γενόμενος

280 1868 338 1928 τοῦ
354 1865 506 1944 βαςιλέως
529 1863 700 1943 ἀρέςκειαν.
728 1863 807 1942 ταχὺ
828 1863 864 1926 δὲ
891 1864 1033 1941 Ζηλωτὴς
1053 1862 1198 1926 παιδείας
1225 1861 1265 1927 οὐ
1287 1862 1422 1942 μετρίως

281 1967 332 2030 καὶ
347 1966 401 2030 διὰ
416 1967 474 2044 τὴν
495 1966 649 2044 χορηγίαν
673 1967 723 2030 καὶ
738 1966 790 2030 διὰ
805 1965 863 2043 τὴν
891 1963 935 2026 δι’
960 1963 1076 2042 ἀρετὴν
1108 1963 1313 2042 ἐθαυμάζετο.
1354 1964 1422 2029 Ἀν-

279 2069 336 2145 τῆς
351 2067 477 2147 φύςεως
490 2067 653 2146 δεξιότητα
668 2069 719 2132 καὶ
733 2065 864 2146 μάλτςτα
891 2065 1024 2143 δρωθεὶς
1039 2065 1100 2143 γάρ
1122 2065 1291 2144 ςυνεςτάθη
1306 2072 1351 2147 τῷ
1367 2069 1422 2145 βα-

280 2168 332 2232 oui
347 2171 404 2247 τὴν
426 2169 461 2233 ἐκ
481 2169 606 2234 παίδων
621 2168 752 2247 ἀγωγὴν
767 2167 863 2248 άρμό-
892 2169 969 2230 ςιλεῑ
983 2167 1088 2250 Ἄγκῳ
1105 2165 1240 2250 Μαρκίῳ
1261 2168 1312 2230 καὶ
1326 2167 1422 2247 φίλος

281 2290 336 2334 ςας
357 2276 402 2354 τῷ
425 2277 602 2347 προεςτῶτι
623 2270 761 2350 μεγάλη(
781 2267 862 2333 ἀπο·
891 2267 991 2332 αὐτοῦ
1027 2269 1171 2348 μέγιςτος
1207 2268 1336 2344 ἐγένετο
1371 2270 1424 2332 καὶ

281 2373 378 2449 δοχῆς
394 2371 486 2449 ἔτυχε
499 2371 550 2435 καὶ
564 2370 697 2435 πίςτεως
712 2370 792 2448 παρ’
807 2369 863 2433 αὐ·
891 2369 999 2432 πολλὰ
1029 2375 1096 2434 τῶν
1134 2369 1212 2432 κατὰ
1241 2370 1300 2447 τὴν
1341 2375 1420 2450 βαςι-

278 2477 332 2553 τῷ.
377 2471 499 2550 χρόνου
535 2472 570 2536 δὲ
605 2470 778 2550 προιόντος
815 2470 861 2535 εἰς
892 2469 979 2534 λείαν
1010 2471 1173 2553 ςυνδιῲκει
1207 2475 1252 2553 τῷ
1294 2472 1419 2550 βααλεῑ.

280 2573 377 2637 τοῦτ’
425 2572 501 2652 ἦλθε
548 2577 754 2652 παραδοχῆς
783 2571 864 2636 ὥςτε
890 2572 940 2634 καὶ
952 2570 1215 2651 μεγαλόπλουτος
1229 2571 1275 2636 ὢν
1288 2573 1423 2638 πολλοῖς

281 2677 484 2753 ςυγχειρίζειν
505 2681 550 2758 τῷ
567 2675 699 2758 Μαρκίῳ
721 2673 760 2737 τὰ
783 2674 862 2738 κατὰ
890 2677 955 2738 τῶν
977 2673 1110 2752 ἀπόρων
1132 2672 1258 2753 ἐβοήθει
1278 2675 1422 2752 χρήματα

279 2777 337 2854 τὴν
381 2776 553 2856 βαςιλείαν·
589 2776 624 2840 ἑν
665 2777 701 2839 δὲ
737 2776 862 2840 τούτοις
890 2776 998 2839 διδοὺς
1011 2775 1141 2838 καὶπᾶςι
1155 2776 1341 2854 προςφιλώς
1354 2773 1421 2854 ὁμι-

280 2877 334 2940 ἐπ’
365 2874 474 2960 ἀγαθῷ
501 2880 575 2941 πᾶςι
610 2877 785 2956 γενόμενος
813 2878 862 2940 καὶ
891 2879 957 2941 λῶν
978 2875 1139 2956 ἄμεμπτος
1160 2875 1200 2955 ἦν
1222 2877 1273 2941 καὶ
1287 2875 1421 2942 ἔνδοξος

280 2983 444 3056 ςυνεργῶν
477 2978 527 3043 καὶ
563 2977 861 3052 ςνγκαταςκευάζων
890 2978 943 3042 ἐπὶ
957 2985 995 3060 τῇ
1012 2978 1119 3060 ςοφίᾳ.

286 3083 354 3144 τοῖς
377 3078 543 3160 δεομένοις
569 3078 618 3143 ἀεί
638 3099 675 3143 τεΙ
693 3081 760 3143 τῶν
787 3099 860 3158 χρη-

279 3182 377 3261 ςίμων
392 3180 456 3259 ἅμα
471 3183 506 3246 δὲ
522 3182 573 3245 καὶ
594 3186 632 3264 τῇ
647 3183 705 3245 τοῦ
720 3181 791 3261 βίον
807 3201 860 3260 χο-

280 3283 372 3366 ρηγίᾳ
394 3283 630 3362 μεγαλοψύχως
656 3281 700 3347 εἰς
726 3284 763 3348 τὸ
785 3283 861 3348 δέον

279 3384 430 3449 ἑκάςτοτε
442 3385 493 3448 καὶ
508 3383 564 3448 ςὺν
580 3385 860 3467 καιρῷχρώμενος,

279 3487 314 3551 ἐν
335 3486 472 3549 πολλοῖς
497 3486 554 3563 μὲν
582 3483 747 3550 ἀπετίθετο
768 3486 861 3566 χάριν

278 3588 313 3653 ἐν
341 3591 414 3652 πᾶα
439 3587 471 3651 δ’
502 3585 633 3652 εὔνοιαν
656 3586 861 3666 ἐνειργάςατο

279 3689 328 3753 καὶ
342 3689 452 3769 φήμην
468 3687 520 3752 ἐπὶ
534 3687 756 3773 καλοκάγαθίᾳ.

362 3878 450 3936 Inter
471 3876 526 3936 hos
549 3886 650 3936 autern
671 3880 754 3938 looos
783 3901 850 3939 oum
872 3899 1014 3958 maguam
1043 3899 1106 3938 non
1134 3881 1231 3938 solum
1254 3883 1420 3940 seutentia-

278 4001 358 4052 rum,
375 3981 587 4039 verumetiam
602 3980 763 4040 verborum
785 3982 1017 4041 similitudinem
1033 3990 1137 4042 extare
1160 3991 1317 4060 appareat,
1343 3984 1419 4041 Dio-

279 4082 386 4141 dorum
408 4081 484 4140 haec
507 4091 560 4141 aut
582 4103 620 4141 ex
634 4083 700 4162 ipso
716 4082 847 4162 Polybio
870 4093 923 4142 aut
946 4104 983 4142 ex
1006 4083 1114 4142 eodem
1128 4085 1286 4162 scriptore,
1311 4103 1371 4162 quo
1395 4085 1421 4143 is

278 4203 350 4241 usus
367 4190 426 4252 ost,
453 4181 634 4242 desumsisse
658 4191 835 4243 statuemur.
866 4184 1030 4264 Polybium
1046 4205 1118 4244 vero
1135 4186 1235 4264 ipsum
1250 4184 1417 4259 Diodorus,

278 4349 479 4359 ...μ-..-

344 4465 389 4532 46)
410 4465 557 4530 Klessling.
569 4466 588 4519 l.
606 4467 625 4518 l.
645 4481 706 4532 pag.
721 4471 743 4518 7.
