3252 5108
703 260 904 324 „lyr

239 436 320 494 inter
341 435 453 494 milites
468 437 657 512 conscriptos
674 435 800 492 nomina
822 454 878 492 sua
894 434 1002 493 referri
1025 434 1147 492 iussisse
1164 453 1182 490 a
1197 433 1382 512 Thucydide

238 557 300 596 non
318 545 578 596 commemoratur.
610 535 776 595 Praeterea
796 535 951 594 Diodorus
975 534 1127 594 exstitisse
1148 533 1310 613 quendam,
1329 537 1381 614 qui

239 645 270 697 et
291 637 366 703 alios
391 645 421 696 et
435 635 630 696 Alcibiadem
645 637 677 694 in
698 637 844 715 inquilini
860 619 1016 696 cuiusdam
1034 635 1155 694 domum
1170 636 1381 714 ingredientes

238 738 352 798 vidisse
374 758 407 797 se
430 759 498 797 cum
518 738 698 812 indicasset,
723 738 875 816 quomodo
899 739 994 798 facies
1018 737 1197 816 dignoscere
1220 745 1312 796 noctu
1327 758 1380 816 po·

237 841 359 914 tuisset,
389 839 595 918 interrogatus
618 838 658 898 ad
685 838 779 898 lunae
802 839 904 898 radios
931 859 964 898 se
992 839 1024 898 id
1053 839 1233 917 cognovisse
1255 857 1379 917 respon-

240 940 332 1013 derit,
363 949 480 1013 narrat,
510 959 601 1019 quam
618 939 881 999 'historiunculam
914 941 996 1018 apud
1023 939 1240 1019 Thucydidem
1268 938 1381 998 frustra

238 1041 437 1120 quaesiveris·
467 1042 612 1119 Denique
634 1061 703 1100 cum
729 1041 754 1100 is
782 1041 815 1098 in
843 1041 943 1119 eapite
967 1042 1006 1099 26
1029 1038 1266 1099 Atheniensium
1288 1040 1380 1100 duces
1438 1084 1447 1105 .

239 1138 477 1216 αὐτοκράτορας
507 1161 573 1200 esse
603 1143 635 1200 in
659 1141 794 1201 Siciliam
816 1143 923 1200 missos
948 1141 1043 1214 dicat,
1073 1141 1229 1200 Diodorus
1253 1140 1380 1200 ducibus

238 1243 392 1322 apopulo
414 1243 447 1300 id
468 1241 647 1302 mandatum
677 1262 742 1302 esse
765 1250 883 1316 narrat,
913 1250 947 1300 ut
970 1241 1159 1301 Selinuntios
1188 1251 1219 1301 et
1247 1241 1378 1322 Syracu-

237 1363 329 1403 sanos
351 1344 407 1402 sub
424 1364 536 1404 corona
551 1344 737 1418 venderent,
762 1343 889 1421 reliquis
906 1342 1029 1403 Siciliae
1045 1342 1170 1402 urbibus
1192 1343 1380 1421 stipendium

238 1447 441 1525 imponerent.
844 1499 849 1507 .

322 1547 422 1606 Tertii
450 1549 550 1606 autem
579 1546 687 1625 capitis
716 1546 838 1605 initium
860 1566 931 1604 cum
959 1545 1065 1604 ultima
1093 1545 1286 1624 paragrapho
1309 1544 1380 1605 libri

237 1649 316 1707 sexti
345 1649 452 1727 capitis
487 1647 636 1727 trigesimi
663 1646 857 1728 Thucydidis
885 1645 1124 1725 comparandum
1152 1645 1275 1705 videtur
1302 1665 1378 1706 esse.

236 1749 278 1808 Et
299 1748 395 1808 verba
416 1748 541 1827 quidem
563 1748 640 1808 haec
655 1757 742 1808 sunt:

428 1862 606 1928 Thucydides.
1025 1863 1173 1913 Diodorus.

279 1947 451 2027 ςυγκατὲβη
487 1947 523 2010 δὲ
558 1946 608 2009 καὶ
643 1946 661 2009 ὁ
692 1944 792 2011 ἄλλος
861 1947 911 2010 καὶ
927 1945 1153 2024 ςυνηκολούθει
1173 1949 1236 2010 πᾶς
1257 1945 1276 2012 ὁ
1297 1948 1378 2012 κατὰ

148 2062 151 2068 ’
237 2048 348 2127 ὅμιλος
370 2047 468 2130 ἅπας,
492 2047 536 2112 ὡς
552 2045 653 2111 εἰπεῖν
669 2045 687 2109 ὁ
703 2046 739 2113 ἐν
754 2052 792 2130 τῇ
818 2047 877 2124 τήν
898 2048 994 2112 πόλιν
1015 2045 1114 2124 ὄχλος
1136 2047 1247 2126 ἀναμὶξ
1271 2047 1375 2115 ἀετῶν

237 2149 331 2214 πόλει
342 2149 393 2214 καὶ
400 2147 681 2231 ἀςτῶνκαὶξένων,
696 2147 792 2228 οἱμὲν
819 2169 854 2212 τε
869 2149 920 2212 καὶ
931 2148 1032 2215 ξένων
1045 2147 1177 2212 ἑκάςτου
1189 2150 1265 2213 τοὺς
1276 2147 1375 2214 ἰδίους

235 2249 482 2328 ἐπιχώριοιτοὺς
496 2249 671 2329 ςφετέρουε
683 2249 791 2314 αὐτῶν
818 2252 980 2325 ςυγγενεῖς
1011 2269 1046 2314 τε
1071 2249 1123 2313 καὶ
1148 2251 1265 2330 φίλους
1295 2271 1375 2331 προ-

235 2349 359 2415 ἕκαςτοι
394 2351 641 2431 προπέμποντες
672 2350 703 2415 οἱ
733 2352 790 2429 μὲν
819 2349 1013 2429 πέμποντος.

235 2451 396 2536 ἑταίρους,
419 2452 450 2517 οἱ
465 2455 500 2517 δὲ
516 2452 609 2536 υἱεῖς,
625 2451 657 2517 οἱ
672 2453 707 2517 δὲ
719 2471 790 2529 ςυγ-

233 2556 343 2630 γενεῖς.

317 2659 403 2718 Haec
426 2680 498 2718 vero
522 2681 560 2718 ex
581 2661 647 2737 ipso
664 2647 851 2737 Thdcydide
868 2658 1026 2735 depromta
1042 2679 1108 2718 esse
1131 2680 1170 2718 ne
1186 2678 1372 2734 censeamur,

233 2780 269 2818 eo
292 2768 444 2832 vetamur,
470 2760 554 2838 quod
577 2760 609 2817 in
633 2759 741 2817 eodem
764 2759 864 2837 capite
887 2758 1027 2836 singulae
1049 2759 1155 2832 urbes,
1180 2779 1255 2838 quas
1278 2758 1373 2820 Athe·

233 2862 357 2921 nienses
370 2861 460 2920 classi
481 2862 544 2919 sint
559 2860 771 2938 praetervecti,
790 2859 1022 2937 diligentissime
1046 2870 1271 2933 enumerantur,
1289 2863 1372 2922 Thu·

232 2962 361 3042 cydides
384 2971 485 3022 autem
507 2960 587 3020 LVI
609 2981 676 3039 cap.
692 2960 733 3016 44
755 2969 878 3039 praeter
892 2961 1132 3022 Tarentinorum
1154 2971 1185 3022 et
1206 2963 1373 3023 Locrorum

231 3062 321 3124 urbes
344 3063 461 3122 nullam
483 3063 663 3122 nominatim
685 3061 783 3121 affert.

316 3164 441 3223 Deinde
463 3184 503 3224 ne
527 3185 563 3224 ea
585 3145 718 3242 quidem,
742 3181 820 3241 quae
844 3184 862 3221 a
877 3163 1014 3222 Diodoro
1039 3165 1142 3241 cap.4
1165 3174 1369 3243 exponuntur,

231 3266 314 3345 apud
336 3264 552 3346 Thucydidem
574 3265 779 3343 reperiuntur.
809 3263 859 3322 Ibi
882 3265 964 3323 enirn
985 3263 1126 3342 singulae
1142 3264 1265 3326 Siciliae
1280 3267 1370 3327 urbes

231 3367 414 3446 quibusnam
429 3366 599 3445 apartibus
622 3366 771 3435 steterint,
789 3372 940 3424 narratur.
975 3363 1064 3443 Quae
1080 3385 1213 3444 quonam
1230 3387 1269 3426 ex
1283 3368 1369 3428 fonte

230 3469 327 3547 petita
342 3468 413 3539 sint,
432 3467 650 3544 quaerentibus
667 3465 755 3525 nobis
778 3466 1005 3544 respiciendum
1021 3466 1053 3524 id
1070 3474 1123 3539 est,
1148 3467 1180 3524 in
1197 3467 1305 3527 eodem
1321 3489 1368 3527 ca·

230 3571 293 3649 pite
315 3589 459 3648 magnam
479 3587 601 3647 quoque
623 3569 703 3626 inter
718 3566 934 3648 Thucydidem
957 3575 987 3628 et
1008 3566 1180 3627 Diodorum
1207 3567 1368 3628 verborum

230 3680 334 3730 extare
356 3669 598 3730 similitudinem.

418 3785 596 3850 Thucydides.
1016 3785 1160 3836 Diodorus.

271 3870 321 3934 καὶ
343 3869 503 3948 ἐκκληςίας
524 3869 699 3948 γενομένης
725 3847 797 4014 τήνέ
852 3873 916 3934 τῶν
933 3871 967 3933 δὲ
982 3868 1167 3934 Καταναίων
1180 3868 1223 3934 εἰς
1235 3872 1294 3948 μὲν
1309 3873 1367 3952 τὴν

229 3973 286 4051 μὲν
308 3971 455 4048 ςτρατιὰν
483 3970 543 4035 οὐκ
569 3971 722 4049 ἐδέχοντο
753 3969 796 4034 οἱ,
810 3969 905 4034 πόλιν
922 3970 961 4034 οὐ
984 3971 1168 4050 δεχομένων
1184 3972 1261 4037 τοὺς
1276 3994 1365 4053 ςτρα-

230 4072 398 4136 Καταναῖοι
423 4072 499 4134 τοὺς
525 4073 559 4136 δὲ
589 4073 783 4153 ςτοατηγοὺς
794 4035 796 4128 l
809 4072 940 4154 τιώτας,
956 4072 1033 4136 τοὺς
1054 4074 1089 4136 δὲ
1105 4074 1298 4152 ςτρατηγοὺε
1314 4074 1365 4140 ἐα-

228 4172 428 4238 εἰςελθόντας
458 4173 608 4238 ἐκέλευον
639 4174 687 4238 ὅτι
710 4174 783 4254 βού-
811 4174 935 4239 ςὰντων
957 4174 1108 4239 εἰςελθεῑν
1133 4175 1183 4239 καὶ
1204 4195 1365 4256 παραςχο-

228 4277 338 4339 λονται
380 4272 489 4338 εἰπεῖν.
524 4275 589 4339 ,καὶ
629 4276 783 4350 λέγοντος
810 4277 917 4355 μένων
938 4275 1119 4359 ἐκκληςίαν,
1146 4276 1178 4340 οἱ
1197 4281 1366 4358 ςτρατηγοὶ

227 4375 425 4456 Ἀλκιβιάδου
440 4375 490 4442 καὶ
505 4381 570 4441 τῶν
586 4375 621 4442 ἐν
638 4381 674 4459 τῇ
691 4375 783 4441 πόλει
795 4426 797 4454 ,
810 4383 877 4442 τῶν
899 4376 1073 4456 Ἀθηναίων
1099 4380 1172 4457 περὶ
1194 4379 1364 4458 ευμμαχίας
