3252 5108
757 305 1059 375 „fg-z

375 486 465 546 Hanc
487 494 589 546 autem
612 487 907 564 argumentationem
927 486 1150 544 vitiotissimam
1173 505 1239 545 esse
1261 487 1435 548 luculenter

292 597 430 665 apparet.
470 588 550 646 Nam
578 587 732 646 Henricus
761 587 867 660 Peter,
893 608 960 645 eum
982 588 1154 646 Diodorum
1183 597 1213 646 et
1235 587 1435 649 Plutarchum

289 689 372 748 idem
389 690 554 748 tradidisse
578 689 786 748 demonstrare
809 689 946 762 studeat,
972 709 1010 748 ex
1032 689 1099 767 ipsa
1122 709 1158 747 ea
1180 709 1222 761 rc,
1247 689 1330 766 quod
1352 691 1435 749 iut'er

290 790 447 850 Valerium
466 799 497 850 et
514 790 712 850 Plutarchum
733 790 900 850 similitudo
917 799 1022 849 extare
1037 790 1174 863 videtur,
1200 791 1357 850 concludit
1372 793 1433 851 Va-

287 891 356 950 lerii
379 891 474 950 verba
502 912 568 952 esse
597 893 637 953 ad
659 892 832 951 Diodorum
862 891 1040 968 referenda,
1069 911 1148 970 quae
1171 893 1327 952 conclusio
1348 902 1434 952 recta

290 1000 382 1066 esset,
407 995 432 1052 si
454 993 612 1055 Valerium
635 994 801 1053 Maximum
823 992 1003 1072 plerumque
1026 993 1065 1053 ad
1080 993 1253 1053 Diodorum
1277 1013 1309 1052 se
1333 995 1432 1072 appli-

289 1113 374 1153 casse
398 1094 644 1155 demonstrasset.
674 1094 717 1154 At
738 1114 812 1154 vero
827 1094 961 1172 Kempfii
977 1094 1030 1154 illa
1045 1095 1200 1154 sententia
1224 1094 1342 1154 duobus
1356 1095 1433 1154 loeis

289 1196 411 1269 nititur,
436 1197 488 1274 qui
511 1196 588 1255 mihi
611 1197 735 1275 quidem
763 1217 826 1254 non
855 1197 898 1255 ita
920 1195 1065 1254 videntur
1095 1215 1160 1255 esse
1188 1197 1368 1274 comparati,
1398 1207 1434 1256 ut

288 1296 361 1355 inde
398 1297 569 1356 Diodorum
607 1299 731 1356 omniuo
762 1319 780 1356 a
809 1297 934 1356 Valerio
969 1306 1140 1376 respectum
1170 1317 1237 1356 esse
1272 1297 1337 1356 iure
1372 1298 1433 1356 ool-

288 1397 432 1475 ligamus.

373 1516 463 1575 Prior
485 1518 566 1576 enim
587 1518 690 1591 locus,
720 1536 810 1595 quem
839 1517 943 1576 attulit
970 1516 1129 1595 Kempfius
1162 1525 1246 1576 extat
1268 1519 1300 1576 in
1323 1518 1434 1596 quinta

289 1618 481 1696 paragrapho
510 1619 563 1677 lib.
586 1619 637 1677 ΙΙΙ
666 1638 732 1696 cap.
757 1621 774 1675 2
804 1618 922 1677 Valerii
950 1617 1091 1690 Maximi,
1121 1617 1174 1676 ubi
1194 1617 1434 1695 Epaminondae

196 1709 199 1717 ¹
289 1739 368 1777 mors
392 1721 436 1777 ita
464 1720 659 1793 describitur,
690 1730 724 1780 ut
747 1739 814 1777 cunr
836 1720 873 1777 iis
895 1718 1027 1777 Diodori
1049 1718 1168 1792 verbis,
1199 1738 1278 1797 quae
1301 1719 1354 1780 tib.
1369 1721 1433 1780 XV

289 1840 355 1898 cap.
380 1822 419 1879 87
450 1829 569 1894 extant,
599 1821 767 1880 Valeriana
795 1821 919 1879 minime
949 1821 1118 1898 comparari
1145 1821 1273 1898 possint.
1319 1819 1434 1881 Omnia

289 1922 370 1979 enim
397 1921 474 1981 hacc
501 1922 596 1982 verba
619 1922 702 2000 apud
724 1921 894 1980 Diodorum
916 1941 980 1980 non
1003 1923 1213 2001 reperiuntur:
1244 1942 1328 1994 „non
1350 1923 1429 1996 huie,

287 2024 400 2100 inquit,
432 2024 652 2084 commilitones
681 2025 762 2082 vitae
785 2043 870 2083 meae
897 2023 953 2083 sod
980 2024 1088 2083 melius
1119 2032 1150 2082 et
1171 2025 1289 2083 auctius
1311 2025 1433 2083 initium

287 2125 423 2184 advenit.
454 2125 545 2184 Nunc
568 2127 650 2184 enim
671 2133 773 2185 vester
794 2124 1027 2203 Epaminondas
1050 2125 1186 2184 nascitur
1208 2125 1280 2203 qnia
1303 2127 1347 2185 sie
1368 2146 1430 2184 mo·

287 2227 371 2284 ritur.
417 2226 541 2286 Thebas
571 2227 662 2285 ductu
698 2235 728 2286 et
755 2227 898 2304 auspiciis
931 2227 1005 2285 meis
1035 2233 1127 2303 caput
1156 2224 1306 2286 Graeciae
1334 2229 1431 2287 factas

286 2327 393 2404 video,
419 2337 449 2386 et
472 2328 560 2386 fortis
584 2335 614 2387 et
637 2329 774 2386 animosa
797 2306 904 2387 ciuitas
927 2326 1082 2404 Spartana
1104 2329 1184 2387 iacet
1204 2329 1294 2387 armis
1317 2330 1429 2388 nostris

287 2427 419 2504 abiecta,
450 2449 553 2487 amara
577 2428 786 2488 dominatione
810 2428 940 2488 Graecia
967 2426 1097 2489 liberata
1133 2437 1189 2488 est.
1226 2427 1327 2489 Orbus
1355 2411 1429 2508 quo-

285 2547 360 2606 que,
396 2551 459 2590 non
488 2513 590 2589 tamen
619 2531 686 2590 sine
713 2529 817 2590 liberis
840 2530 965 2602 morior,
1001 2531 1146 2608 quoniam
1178 2531 1318 2592 mirificas
1351 2531 1429 2591 filias

285 2630 447 2691 Leuctram
481 2641 511 2692 et
538 2632 729 2701 Mantineam
751 2625 931 2710 ¹relinquo.“

369 2767 516 2826 Ultimum
531 2788 603 2827 vero
621 2769 818 2829 enunciatum
835 2767 939 2845 (orbus
956 2785 1077 2846 quoque
1094 2764 1166 2844 etc.)
1184 2788 1248 2827 non
1265 2787 1304 2827 ex
1320 2767 1429 2827 eodem

285 2868 371 2926 sonte
393 2869 523 2944 petitum
544 2875 637 2946 atque
665 2869 784 2947 reliqua
806 2869 915 2941 verba,
947 2867 1002 2926 sed
1031 2867 1071 2926 ad
1091 2866 1263 2928 Diodorum
1291 2869 1426 2929 referen-

286 2967 357 3026 dum
386 2987 452 3028 esse
486 2977 591 3028 censet
619 2970 793 3048 Kempfius3
827 2991 898 3028 nam
927 2969 1063 3027 diversos
1085 2970 1199 3034 ‚fontes
1227 2970 1285 3029 hoc
1312 2969 1379 3030 loco
1409 2993 1427 3030 a

285 3069 410 3129 Valerio
432 3069 566 3130 Maximo
590 3069 743 3129 adhibitos
767 3090 833 3130 osse
855 3071 929 3129 inde
945 3089 1094 3148 apparere
1111 3070 1198 3144 dicit,
1223 3072 1307 3150 quod
1330 3093 1426 3132 enun-

284 3173 395 3230 ciatum
424 3172 501 3231 illud
531 3173 671 3231 ultimum
699 3172 852 3231 adiectum
884 3172 923 3230 sit
955 3191 1019 3230 non
1053 3180 1173 3231 servato
1204 3175 1427 3232 sententiarum

284 3293 440 3346 connexu,
465 3292 555 3352 quem
577 3274 733 3333 Diodorus
756 3294 830 3332 sane
853 3273 1022 3352 respexerit
1050 3273 1164 3332 ultimis
1187 3273 1425 3353 Epaminondae

236 3427 238 3429 ,
284 3373 384 3433 verbis
406 3375 482 3433 haec
497 3393 706 3452 praeponens:
730 3369 978 3452 ἀναβοηεάντων
997 3371 1031 3434 δὲ
1047 3375 1113 3435 τῶν
1129 3370 1235 3450 φίλων
1252 3372 1302 3436 καὶ
1318 3371 1425 3436 εἰπόν-

282 3492 338 3536 roc
349 3471 438 3537 τινότ
453 3469 501 3535 ὅτι
516 3476 665 3556 τελευτᾷ(
680 3471 823 3556 ἄτεκνος,
835 3473 1081 3551 Ἐπαμεινώνδα,
1100 3473 1142 3552 μὰ
1153 3472 1218 3536 Δία
1238 3474 1306 3556 μὲν,
1319 3474 1426 3556 φηεὶν,

237 3595 239 3599 ’
283 3572 365 3638 ἀλλὰ
391 3573 571 3638 καταλείπω
600 3573 659 3638 δύο
685 3575 860 3665 θυγατέρα(
882 3575 940 3652 τὴν
968 3573 1001 3637 δ’
1028 3573 1062 3638 ἐν
1078 3573 1249 3652 Λεύκτροις
1271 3575 1361 3653 νίκην
1376 3576 1427 3638 καὶ

281 3676 339 3753 τὴν
355 3674 391 3740 ἐν
408 3676 592 3759 Μαντινείᾳ.

366 3815 453 3874 llaec
480 3835 553 3874 vero
580 3815 711 3882 Diodori
737 3814 832 3874 verba
862 3823 935 3874 ante
964 3815 1066 3873 oculos
1095 3815 1238 3875 habuisse
1266 3815 1426 3876 Valerium

282 3916 447 3992 Maximum
470 3917 631 3996 quominus
654 3924 803 3995 putemus,
828 3917 958 3996 primum
980 3917 1012 3976 id
1035 3917 1157 3977 obstare
1179 3917 1315 3990 videtur,
1341 3918 1424 3997 quod

282 4037 390 4095 parum
416 4020 582 4079 verisimile
609 4028 669 4092 est,
698 4018 855 4078 Valerium
882 4018 1016 4096 longiori
1045 4020 1215 4080 narrationi
1242 4020 1334 4078 finem
1363 4021 1424 4078 alio

283 4139 321 4178 ex
343 4120 429 4179 sonte
451 4121 580 4200 petitum
603 4121 762 4180 adiecisse.

366 4237 490 4298 Deinde
512 4239 544 4296 in
568 4259 603 4297 eo
620 4238 778 4316 Kempfius
802 4238 928 4310 erravit,
954 4239 1036 4316 quod
1058 4239 1197 4298 ultimum
1227 4241 1424 4298 enunciatum

282 4360 350 4398 cum
372 4341 423 4413 iis,
453 4360 532 4418 quae
560 4337 762 4412 antecedunt,
789 4339 952 4399 cohaerere
979 4342 1115 4419 negavit,
1150 4341 1307 4399 Particula
1342 4341 1424 4400 enim

282 4443 462 4520 „quoque“,
488 4460 549 4518 qua
564 4441 753 4519 potissimum
768 4441 926 4521 Kempfius
943 4442 1122 4516 offenditur,
1148 4464 1208 4501 uon
1233 4441 1273 4500 ad
1297 4440 1424 4501 verbum
