3252 5108
678 310 963 384 1-66-

280 497 396 554 tissime
419 503 541 555 secutus
557 502 617 567 est,
641 495 720 553 nihil
743 494 925 554 desumsisse
948 513 1048 572 neque
1077 494 1170 552 ullam
1199 495 1323 552 omnino
1347 496 1429 553 inter

282 597 454 655 Diodorum
478 603 508 654 et
522 595 687 676 Polybium
710 595 902 655 intercedere
923 595 1182 680 necessitudinem
1198 597 1295 673 primo
1319 595 1426 655 obtutu

281 698 492 776 unusquisque
518 698 613 756 videt.
659 696 729 775 Qua
758 698 791 755 in
820 718 853 756 re
883 696 915 755 id
945 697 1091 775 imprimis
1119 705 1165 755 est
1189 697 1425 774 respiciendum,

282 799 453 857 Diodorum
478 798 630 877 permulta
658 799 780 870 afferre,
805 818 884 876 quae
907 797 989 876 apud
1014 796 1179 876 Polybium
1201 798 1314 856 frustra
1333 817 1426 876 quae-

284 919 386 958 rimus.

368 1033 472 1112 Atque
500 1034 630 1112 primum
662 1035 786 1112 quidem
808 1033 965 1092 Diodorus
1004 1034 1086 1092 solus
1114 1034 1147 1091 in
1181 1034 1353 1111 fragmento
1376 1033 1429 1092 III

286 1133 433 1214 (excerpt.
470 1135 634 1194 Hoeschel.
668 1156 699 1214 p.
729 1131 921 1211 501-503)
957 1141 1062 1193 narrat
1101 1135 1236 1213 Appium
1264 1133 1429 1194 Claudium

284 1237 450 1309 consulem,
475 1258 542 1296 cum
564 1237 710 1315 Egestam
734 1235 902 1307 obsideret,
932 1236 1034 1294 multis
1056 1235 1202 1294 militibus
1225 1236 1363 1313 perditis,
1393 1247 1429 1296 ut

282 1340 455 1397 Messanam
478 1358 511 1396 se
537 1338 701 1415 reciperet,
731 1345 869 1396 coactum
897 1357 973 1396 esse.
1018 1331 1128 1415 Neque
1150 1357 1222 1395 vero
1252 1359 1271 1395 a
1293 1337 1426 1416 Polybio

284 1461 321 1499 ea
343 1447 625 1511 commemorantur,
650 1457 729 1516 quae
744 1438 901 1497 Diodorus
923 1439 955 1495 in
978 1438 1150 1516 fragmento
1173 1438 1219 1496 IV
1242 1437 1338 1511 affert,
1362 1439 1427 1496 Ha-

283 1540 495 1599 adranitorum
517 1539 622 1598 urbem
645 1561 663 1599 a
685 1539 831 1598 Romanis
854 1540 885 1597 vi
908 1547 1130 1616 expugnatam,
1154 1537 1429 1617 Centuripinorum

284 1649 387 1700 autem
408 1640 515 1700 urbem
538 1639 691 1700 obsessam
715 1660 793 1699 csse.

368 1775 493 1836 Deinde
515 1777 549 1834 in
571 1775 744 1854 fragmento
767 1775 797 1834 V
818 1775 991 1852 Egestanos
1014 1773 1240 1852 Halicaeosque
1262 1776 1303 1835 ad
1318 1777 1429 1836 Roma-

284 1897 340 1936 nos
371 1877 534 1950 defecisse,
563 1877 693 1949 Ilarum,
728 1877 900 1955 Tyrittum,
932 1875 1078 1935 Ascelum
1111 1884 1215 1954 capta,
1251 1877 1431 1956 'l'yndarios

284 1979 446 2058 quominus
485 1977 525 2038 ad
559 1978 714 2038 Romanos
753 1977 941 2048 transirent,
977 1999 996 2037 a
1031 1975 1337 2056 Carthaginiensibus
1360 2000 1429 2058 pro-

283 2078 398 2138 hibitos
433 2099 515 2154 esse,
545 2087 702 2152 narratur,
738 2097 817 2158 quae
846 2078 948 2138 omnia
975 2079 1008 2136 in
1033 2077 1157 2158 Polybii
1190 2084 1429 2160 προκαταεκευῇ

285 2201 348 2240 non
371 2189 488 2242 extant.

369 2315 408 2374 In
430 2315 479 2374 IX
510 2334 633 2394 quoque
666 2315 838 2392 fragmento
862 2315 951 2392 plura
973 2313 1151 2387 afferuntur,
1187 2321 1315 2392 quorum
1338 2318 1430 2398 Poly-

285 2417 353 2475 bius
375 2418 562 2476 mentionem
584 2436 647 2473 non
671 2416 752 2474 lecit.
784 2414 1005 2474 Gravissimum
1026 2424 1128 2474 autem
1153 2416 1184 2474 id
1208 2437 1275 2476 esse
1297 2419 1440 2492 videtur,¹

285 2517 369 2596 quod
395 2518 550 2577 Diodorus
572 2516 616 2576 ibi
637 2517 720 2576 solus
745 2515 819 2574 dicit
846 2517 1016 2589 Romanos,
1049 2538 1117 2575 cum
1146 2518 1353 2596 Mytistratum
1375 2543 1432 2599 per

286 2628 404 2698 septem
425 2638 545 2678 menses
573 2627 804 2697 oppugnassent
838 2626 869 2677 et
890 2637 1032 2696 magnam
1059 2619 1189 2678 militum
1210 2621 1358 2680 iacturam
1386 2626 1430 2683 fe·

287 2721 409 2792 cissent,
433 2741 466 2781 re
488 2720 605 2779 infecta
628 2719 813 2779 discessisse.

371 2854 495 2913 Deinde
518 2857 551 2914 iu
567 2855 732 2933 fragmenti
746 2853 860 2914 XVlll
885 2851 1028 2933 (excerpt.
1050 2856 1184 2914 Hoesch.
1201 2876 1231 2933 p.
1248 2859 1429 2939 505—506)

288 2955 481 3036 paragrapho
510 2955 607 3014 altera
640 2963 783 3014 narratur
822 2953 1039 3016 Carthalonem
1078 2955 1282 3034 Agrigentum
1316 2981 1430 3040 expug-

288 3078 378 3116 nasse
416 3065 446 3116 et
473 3056 665 3129 incendisse,
693 3055 725 3114 id
763 3056 847 3134 quod
875 3055 1027 3136 Polybius
1064 3057 1186 3116 silentio
1215 3064 1430 3137 praetermisit.

287 3159 407 3218 Ibidem
436 3159 590 3218 Romanos
613 3159 726 3216 frustra
745 3159 925 3234 Drepanum
948 3178 1144 3236 oppugnasse
1166 3159 1320 3220 Diodorus
1349 3164 1432 3222 solus

290 3260 373 3319 dicit.
403 3259 512 3338 Neque
534 3280 606 3319 vero
624 3257 783 3338 Polybius,
807 3276 961 3337 quaenam
975 3259 1066 3318 urbes
1081 3259 1234 3319 Panormo
1250 3262 1326 3321 urbe
1341 3274 1432 3342 capta

290 3361 330 3422 ad
352 3362 507 3420 Romanos
529 3359 715 3433 defecerint,
749 3369 977 3432 commemorat,
1001 3360 1158 3420 Diodorus
1193 3371 1293 3421 autem
1315 3365 1346 3423 in
1378 3365 1431 3424 illo

287 3464 354 3542 ipso
378 3464 549 3540 fragmento
573 3461 710 3538 singulas
733 3461 824 3521 urbes
848 3461 1081 3539 diligentissime
1105 3471 1272 3524 enumerat.

372 3597 420 3657 Ea
448 3616 570 3677 quoque
600 3597 683 3655 inter
703 3596 876 3655 Diodorum
904 3604 934 3655 et
961 3595 1126 3676 Polybium
1156 3598 1329 3659 differentia
1359 3603 1433 3662 satis

289 3698 390 3776 gravis
412 3705 510 3768 extat,
541 3697 624 3776 quod
647 3718 685 3757 ex
713 3718 775 3758 uno
795 3697 933 3757 Diodoro
957 3700 1166 3776 cognoscimus
1181 3700 1304 3760 Erctam
1326 3723 1344 3759 a
1358 3722 1433 3780 qua-

290 3799 434 3876 draginta
456 3797 589 3858 millibus
613 3798 750 3878 peditum
764 3800 970 3860 Romanorum
995 3806 1025 3858 et
1047 3800 1129 3859 mille
1152 3800 1304 3880 equitibus
1321 3805 1435 3864 frustra

290 3907 499 3978 oppugnatam
522 3919 600 3960 esse.

373 4034 518 4113 Denique
530 4055 579 4108 ea,
603 4053 692 4114 quae,
722 4055 790 4094 cum
804 4035 935 4094 Romani
951 4033 1134 4114 Lilybaeum
1150 4034 1333 4110 obsiderent,
1352 4039 1434 4100 lacta

291 4143 371 4206 sunt,
402 4135 577 4195 describens
604 4134 754 4215 Polybius
788 4137 943 4194 Romanos
977 4156 1168 4215 summopere
1196 4140 1373 4216 pestilentis
1403 4151 1435 4200 et

291 4237 371 4295 fame
393 4244 517 4294 vexatos
540 4235 578 4294 ab
600 4234 859 4295 urberecessurcs
883 4237 992 4308 fuisse,
1017 4239 1076 4296 nisi
1091 4239 1186 4297 Hiero
1204 4239 1434 4317 desperantium

292 4336 410 4394 animos
434 4336 581 4394 erexisset
603 4344 634 4394 et
655 4337 826 4408 excitasset,
851 4356 913 4395 non
937 4347 1159 4397 commemorat.

375 4435 433 4495 His
456 4456 472 4494 e
494 4437 568 4496 locis
591 4457 659 4497 cum
683 4439 763 4499 inter
777 4437 947 4498 Diodorum
971 4446 1001 4496 et
1014 4437 1180 4518 Polybium
1202 4439 1317 4500 nullam
1339 4442 1434 4504 inter·
