3252 5108
755 323 962 388 ..40-

371 499 578 560 Romanorum
610 517 697 577 reges
725 498 906 577 singillatim
942 500 1186 560 enumeravimus
1215 501 1306 560 ducto
1338 501 1428 559 initio

287 600 326 661 ab
350 619 386 660 eo
409 608 547 680 tempore
575 619 634 679 quo
657 598 781 661 Aeneas
808 598 965 660 Anchisae
991 600 1071 660 iilius
1092 601 1274 662 Latinorum
1300 622 1429 682 regnum

288 703 468 781 capessivit,
500 702 665 761 desivimus
693 710 794 762 eutem
822 703 855 760 in
877 702 1053 762 Romulium
1081 702 1224 775 Silvium,
1254 723 1346 782 quem
1366 705 1428 764 Ro-

286 804 385 864 mulus
407 803 564 864 interfecit
577 801 684 862 Rheae
706 803 810 864 matris
832 823 906 862 suae
921 811 1073 881 patruum.
1102 803 1194 863 Nunc
1215 805 1263 864 his
1279 804 1429 866 addemus

286 905 450 964 Romulum
472 913 503 963 et
525 912 655 977 ceteros,
687 905 740 983 qui
762 913 832 983 post
858 903 942 964 hunc
963 905 1079 964 Romae
1101 925 1169 966 cum
1190 907 1318 984 imperio
1340 927 1427 986 prae·

287 1007 422 1079 fuerunt,
447 1025 545 1085 usque
567 1005 608 1066 ad
629 1006 833 1084 Tarquinium
855 1005 1041 1085 Superbum,
1065 1026 1127 1085 qua
1144 1009 1289 1086 temporis
1311 1027 1428 1069 summa

287 1108 362 1166 anni
383 1108 461 1166 fiunt
483 1107 555 1166 244.
590 1107 705 1166 Postea
732 1107 875 1167 consules
903 1106 1068 1168 ordinatim
1095 1108 1314 1186 explicabimus
1337 1119 1427 1189 capto

286 1208 411 1287 quidem
434 1209 559 1270 exordio
583 1231 601 1268 a
622 1208 718 1268 Lucio
740 1208 832 1268 Innio
848 1196 949 1268 ¹Bruto
974 1216 1004 1268 et
1018 1209 1114 1268 Lucio
1131 1210 1303 1288 Tarquinio
1327 1209 1426 1270 Colla-

286 1311 366 1382 tino,
396 1309 539 1370 concluso
568 1318 670 1370 autem
698 1329 790 1388 opere
810 1311 843 1368 in
858 1309 962 1368 Marco
985 1308 1109 1369 Valerio
1124 1310 1257 1369 Messala
1279 1319 1310 1370 et
1324 1311 1427 1370 Marco

285 1411 415 1486 Pisone,
439 1411 492 1490 qui
514 1411 705 1470 consulatum
726 1418 888 1489 gesserunt
907 1411 1100 1489 Theophimc
1122 1411 1269 1472 archonte
1283 1411 1427 1473 Athenis.

287 1511 389 1590 Atque
410 1512 519 1571 horum
533 1514 607 1573 anni
630 1512 670 1571 ad
685 1512 928 1592 quadringentos
943 1513 1105 1591 sexaginta
1120 1522 1318 1592 consurgunt.
1340 1514 1428 1574 Haec

288 1611 427 1672 Castor.“

369 1714 420 1774 Ex
440 1715 489 1773 his
512 1722 614 1774 autem
636 1714 784 1788 numeris,
808 1714 937 1773 sirecte
960 1733 993 1772 se
1008 1713 1167 1788 haberent,
1183 1724 1371 1794 sequeretur,
1395 1727 1430 1775 ut

289 1813 400 1875 Castor
420 1816 549 1876 Romam
571 1805 653 1875 anno
670 1836 697 1874 a.
715 1814 750 1874 C.
766 1835 797 1873 n.
822 1816 882 1873 765
903 1814 953 1874 vel
982 1823 1091 1893 quarto
1113 1817 1223 1874 tertiae
1245 1816 1429 1896 olympiadis

288 1937 372 1976 anno
402 1917 558 1976 conditam
586 1937 653 1976 esse
682 1917 838 1976 statuisset
867 1913 982 1992 (61³s
1000 1917 1063 1975 460
1082 1914 1122 1993 -Ι-
1139 1915 1365 1996 244=765);
1396 1919 1428 1978 id

285 2017 369 2098 quod
404 2017 475 2078 ideo
513 2037 620 2096 parum
655 2015 819 2078 verisimile
856 2025 917 2090 est,
955 2017 1041 2096 quia,
1079 2018 1105 2076 si
1142 2017 1219 2077 illud
1256 2028 1429 2098 computum

287 2118 493 2192 adhibuisset,
518 2120 546 2178 ei
569 2138 650 2178 nova
674 2118 834 2178 duodecim
857 2118 1016 2178 consulum
1037 2119 1125 2197 paria
1153 2119 1239 2178 fastis
1262 2121 1428 2181 inserenda

285 2229 383 2280 erant.

369 2318 474 2400 Atque
495 2320 554 2379 hoc
574 2321 698 2399 quidem
718 2320 786 2380 loco
810 2321 904 2399 ipsius
925 2321 1053 2380 Eusebii
1080 2342 1212 2381 errorem
1240 2332 1344 2384 extare
1366 2326 1426 2402 pri-

285 2441 351 2480 mus
379 2423 458 2481 vidit
487 2421 672 2494 Zohrabius,
705 2422 758 2501 qui
786 2422 826 2481 ad
854 2416 1061 2501 fragmentum
1087 2423 1165 2481 illud
1194 2422 1329 2484 Castoris
1351 2425 1428 2485 haec

286 2523 462 2583 adnotavit:

369 2623 568 2698 „Secundum
589 2624 731 2704 vulgatos
760 2623 855 2685 fastos
883 2625 958 2684 anni
987 2624 1104 2704 aliquot
1133 2625 1317 2685 detrahendi
1344 2636 1425 2686 sunt.

284 2726 345 2785 Hic
367 2727 450 2785 enim
465 2746 616 2786 annorum
629 2726 693 2786 460
708 2746 852 2786 numerus
874 2727 1003 2786 interest
1017 2728 1098 2787 inter
1112 2728 1240 2786 Brutum
1263 2736 1294 2786 et
1313 2729 1427 2788 Iulium

286 2825 461 2901 Caesarem,
485 2836 519 2887 ut
541 2829 642 2906 capite
663 2828 820 2906 superiore
843 2828 958 2888 dictum
980 2829 1058 2888 est.“

368 2928 432 2986 Iste
455 2935 557 2986 autem
578 2927 773 2986 Eusebianus
799 2929 898 3001 locus,
923 2929 963 2988 de
984 2947 1044 3007 quo
1073 2929 1164 2988 modo
1194 2929 1423 3008 disputavimus,

286 3049 352 3088 earn
384 3047 506 3108 quoque
540 3029 578 3088 ob
612 3047 734 3087 causam
756 3029 966 3108 respiciendus
994 3037 1053 3102 est,
1087 3031 1161 3108 quia
1187 3030 1261 3089 inde
1288 3030 1424 3090 luculen-

284 3140 332 3189 ter
353 3138 501 3209 apparet,
537 3129 693 3189 Castorem
726 3150 834 3190 revera
861 3129 1053 3190 Albanorum
1078 3151 1185 3209 regum
1211 3131 1344 3190 indicem
1373 3152 1425 3192 ex·

283 3230 429 3291 hibuisse.

368 3330 500 3392 Accedit
527 3333 609 3410 quod
636 3333 689 3393 ille
717 3331 812 3392 index
831 3333 875 3391 ita
890 3334 1073 3412 compositus
1096 3341 1156 3406 est,
1180 3341 1215 3393 ut
1235 3353 1425 3413 summopere

285 3455 353 3493 cum
384 3433 518 3495 Castoris
546 3432 700 3493 scribendi
728 3453 842 3513 genere
870 3443 1028 3513 congruat.
1066 3433 1183 3495 Scimus
1211 3437 1293 3494 enim
1320 3434 1425 3494 Casto-

285 3556 348 3595 rem
363 3536 580 3616 etymologiam
594 3555 785 3614 summopere
800 3536 972 3612 adamasse3
997 3545 1028 3595 et
1042 3536 1180 3615 profecto
1196 3538 1229 3594 in
1245 3537 1297 3595 illo
1314 3537 1424 3614 exiguo

284 3638 456 3715 fragmento
471 3637 628 3696 Diodoreo
649 3638 709 3696 tria
731 3639 855 3696 nomina
870 3636 959 3696 nobis
977 3646 1139 3696 occurrunt
1155 3637 1357 3718 etymologica
1372 3657 1425 3696 ex-

284 3738 408 3818 plicata.
443 3736 525 3798 Alba
543 3739 625 3797 eninr
641 3738 713 3798 urbs
732 3737 769 3798 ab
789 3736 871 3797 Alba
886 3739 968 3798 amni
991 3759 1103 3799 nomen
1126 3739 1280 3798 invenisse
1305 3737 1423 3810 dicitur,

285 3839 460 3900 Aventinus
482 3859 569 3899 mons
592 3861 611 3900 a
632 3859 705 3920 rege
726 3838 877 3913 Aventio,
907 3841 960 3919 qui
981 3860 1077 3919 prope
1093 3860 1162 3899 eum
1183 3859 1325 3919 pugnans
1349 3840 1424 3900 ceci-

286 3942 374 4014 derit,
391 3941 573 4002 Tiberinum
584 3940 718 4020 dcnique
733 3961 837 4020 regem
851 3950 957 4002 narrat
971 3941 1127 4001 Diodorus
1138 3961 1250 4001 nomen
1273 3941 1424 4001 indidisse

285 4044 401 4117 Tiberi,
426 4045 458 4102 in
481 4063 541 4123 quo
564 4044 631 4122 ipse
652 4045 747 4103 vitam
769 4043 913 4104 amiserit.

368 4146 513 4224 Denique
546 4146 578 4205 id
611 4164 732 4224 quoque
766 4145 879 4223 optime
910 4145 943 4203 in
975 4142 1132 4204 Castorem
1162 4144 1307 4223 quadrat,
1341 4143 1424 4222 quod

285 4246 386 4325 gentis
408 4246 508 4306 Iuliae
530 4247 713 4325 genealogia
739 4254 801 4304 tam
823 4255 963 4306 accurate
986 4247 1160 4324 exponitur.
1192 4245 1320 4305 Constat
1342 4245 1425 4304 enirn

286 4348 457 4420 Castorem,
492 4346 655 4407 Caesarem
686 4356 721 4407 ut
752 4347 811 4406 sihi
846 4348 1038 4422 conciliaret,
1073 4348 1255 4408 Deiotarum
1286 4364 1423 4405 socerum

285 4469 450 4509 rncusasse.
