<?xml version="1.0" encoding="UTF-8"?>
<!DOCTYPE html PUBLIC "-//W3C//DTD XHTML 1.0 Transitional//EN"
    "http://www.w3.org/TR/xhtml1/DTD/xhtml1-transitional.dtd">
<html xmlns="http://www.w3.org/1999/xhtml" xml:lang="en" lang="en">
 <head>
  <title>
</title>
<meta http-equiv="Content-Type" content="text/html;charset=utf-8" />
  <meta name='ocr-system' content='tesseract 3.04.00' />
  <meta name='ocr-capabilities' content='ocr_page ocr_carea ocr_par ocr_line ocrx_word'/>
</head>
<body>
  <div class='ocr_page' id='page_1' title='image "./dediodorisiculi00collgoog_0017.png"; bbox 0 0 3252 5108; ppageno 0'>
   <div class='ocr_carea' id='block_1_1' title="bbox 760 331 946 396">
    <p class='ocr_par' dir='ltr' id='par_1_1' title="bbox 760 331 946 396">
     <span class='ocr_line' id='line_1_1' title="bbox 760 331 946 396; baseline 0.005 -19"><span class='ocrx_word' id='word_1_1' title='bbox 760 331 946 396; x_wconf 71' lang='grc'>..6-</span> 
     </span>
    </p>
   </div>
   <div class='ocr_carea' id='block_1_2' title="bbox 281 505 1422 2006">
    <p class='ocr_par' dir='ltr' id='par_1_2' title="bbox 281 505 1422 1294">
     <span class='ocr_line' id='line_1_2' title="bbox 365 505 1419 585; baseline 0.002 -21"><span class='ocrx_word' id='word_1_2' title='bbox 365 505 474 584; x_wconf 90' lang='lat' dir='ltr'><strong>Neque</strong></span> <span class='ocrx_word' id='word_1_3' title='bbox 507 525 579 564; x_wconf 89' lang='lat' dir='ltr'><strong>vero</strong></span> <span class='ocrx_word' id='word_1_4' title='bbox 617 505 881 585; x_wconf 81' lang='lat' dir='ltr'><strong>Volquardsenius</strong></span> <span class='ocrx_word' id='word_1_5' title='bbox 915 505 973 564; x_wconf 89' lang='lat' dir='ltr'><strong>hac</strong></span> <span class='ocrx_word' id='word_1_6' title='bbox 1006 505 1040 565; x_wconf 90' lang='lat' dir='ltr'><strong>in</strong></span> <span class='ocrx_word' id='word_1_7' title='bbox 1073 527 1106 565; x_wconf 90' lang='lat' dir='ltr'><strong>re</strong></span> <span class='ocrx_word' id='word_1_8' title='bbox 1141 505 1274 566; x_wconf 86' lang='lat' dir='ltr'><strong>debebat</strong></span> <span class='ocrx_word' id='word_1_9' title='bbox 1310 525 1419 584; x_wconf 91' lang='lat' dir='ltr'><strong>provo·</strong></span> 
     </span>
     <span class='ocr_line' id='line_1_3' title="bbox 282 605 1421 688; baseline 0.004 -24"><span class='ocrx_word' id='word_1_10' title='bbox 282 627 350 664; x_wconf 88' lang='lat' dir='ltr'><strong>care</strong></span> <span class='ocrx_word' id='word_1_11' title='bbox 384 607 424 666; x_wconf 90' lang='lat' dir='ltr'><strong>ad</strong></span> <span class='ocrx_word' id='word_1_12' title='bbox 446 605 639 686; x_wconf 81' lang='lat' dir='ltr'><strong>Thucydidis</strong></span> <span class='ocrx_word' id='word_1_13' title='bbox 673 616 704 667; x_wconf 92' lang='lat' dir='ltr'><strong>et</strong></span> <span class='ocrx_word' id='word_1_14' title='bbox 731 607 855 688; x_wconf 89' lang='lat' dir='ltr'><strong>Polybii</strong></span> <span class='ocrx_word' id='word_1_15' title='bbox 889 608 1038 687; x_wconf 83' lang='lat' dir='ltr'><strong>exempla.</strong></span> <span class='ocrx_word' id='word_1_16' title='bbox 1092 607 1172 668; x_wconf 89' lang='lat' dir='ltr'><strong>Nam</strong></span> <span class='ocrx_word' id='word_1_17' title='bbox 1204 608 1421 688; x_wconf 81' lang='lat' dir='ltr'><strong>Thucydidem</strong></span> 
     </span>
     <span class='ocr_line' id='line_1_4' title="bbox 282 707 1421 788; baseline 0.004 -24"><span class='ocrx_word' id='word_1_18' title='bbox 282 707 471 767; x_wconf 89' lang='lat' dir='ltr'><strong>naturalibus</strong></span> <span class='ocrx_word' id='word_1_19' title='bbox 495 709 584 767; x_wconf 85' lang='lat' dir='ltr'><strong>annis</strong></span> <span class='ocrx_word' id='word_1_20' title='bbox 607 711 640 767; x_wconf 94' lang='lat' dir='ltr'><strong>in</strong></span> <span class='ocrx_word' id='word_1_21' title='bbox 668 710 822 769; x_wconf 88' lang='lat' dir='ltr'><strong>narrando</strong></span> <span class='ocrx_word' id='word_1_22' title='bbox 849 708 931 769; x_wconf 92' lang='lat' dir='ltr'><strong>bello</strong></span> <span class='ocrx_word' id='word_1_23' title='bbox 958 709 1221 788; x_wconf 79' lang='lat' dir='ltr'><strong>Peloponnesiaco</strong></span> <span class='ocrx_word' id='word_1_24' title='bbox 1246 717 1328 769; x_wconf 89' lang='lat' dir='ltr'><strong>certo</strong></span> <span class='ocrx_word' id='word_1_25' title='bbox 1352 730 1421 769; x_wconf 96' lang='lat' dir='ltr'><strong>cum</strong></span> 
     </span>
     <span class='ocr_line' id='line_1_5' title="bbox 282 808 1422 890; baseline 0.004 -25"><span class='ocrx_word' id='word_1_26' title='bbox 282 808 408 867; x_wconf 88' lang='lat' dir='ltr'><strong>consilio</strong></span> <span class='ocrx_word' id='word_1_27' title='bbox 441 829 529 868; x_wconf 89' lang='lat' dir='ltr'><strong>nsum</strong></span> <span class='ocrx_word' id='word_1_28' title='bbox 564 830 629 868; x_wconf 89' lang='lat' dir='ltr'><strong>esse</strong></span> <span class='ocrx_word' id='word_1_29' title='bbox 662 811 729 889; x_wconf 89' lang='lat' dir='ltr'><strong>quis</strong></span> <span class='ocrx_word' id='word_1_30' title='bbox 759 819 818 883; x_wconf 87' lang='lat' dir='ltr'><strong>est,</strong></span> <span class='ocrx_word' id='word_1_31' title='bbox 848 811 900 889; x_wconf 87' lang='lat' dir='ltr'><strong>qui</strong></span> <span class='ocrx_word' id='word_1_32' title='bbox 927 809 1036 869; x_wconf 76' lang='lat' dir='ltr'><strong>dicat‘l&#39;</strong></span> <span class='ocrx_word' id='word_1_33' title='bbox 1068 811 1163 870; x_wconf 91' lang='lat' dir='ltr'><strong>Immo</strong></span> <span class='ocrx_word' id='word_1_34' title='bbox 1186 811 1323 890; x_wconf 83' lang='lat' dir='ltr'><strong>singulos</strong></span> <span class='ocrx_word' id='word_1_35' title='bbox 1346 811 1422 871; x_wconf 94' lang='lat' dir='ltr'><strong>belli</strong></span> 
     </span>
     <span class='ocr_line' id='line_1_6' title="bbox 282 910 1420 989; baseline 0.003 -20"><span class='ocrx_word' id='word_1_36' title='bbox 282 929 380 969; x_wconf 90' lang='lat' dir='ltr'><strong>annos</strong></span> <span class='ocrx_word' id='word_1_37' title='bbox 404 910 637 989; x_wconf 83' lang='lat' dir='ltr'><strong>diligentissime</strong></span> <span class='ocrx_word' id='word_1_38' title='bbox 660 912 811 984; x_wconf 80' lang='lat' dir='ltr'><strong>distinxit,</strong></span> <span class='ocrx_word' id='word_1_39' title='bbox 836 932 919 971; x_wconf 89' lang='lat' dir='ltr'><strong>mero</strong></span> <span class='ocrx_word' id='word_1_40' title='bbox 942 920 1045 971; x_wconf 89' lang='lat' dir='ltr'><strong>autem</strong></span> <span class='ocrx_word' id='word_1_41' title='bbox 1067 931 1140 972; x_wconf 88' lang='lat' dir='ltr'><strong>casu</strong></span> <span class='ocrx_word' id='word_1_42' title='bbox 1163 911 1195 972; x_wconf 89' lang='lat' dir='ltr'><strong>id</strong></span> <span class='ocrx_word' id='word_1_43' title='bbox 1217 913 1331 972; x_wconf 85' lang='lat' dir='ltr'><strong>factum</strong></span> <span class='ocrx_word' id='word_1_44' title='bbox 1354 931 1420 972; x_wconf 89' lang='lat' dir='ltr'><strong>esse</strong></span> 
     </span>
     <span class='ocr_line' id='line_1_7' title="bbox 281 1011 1421 1091; baseline 0.004 -22"><span class='ocrx_word' id='word_1_45' title='bbox 281 1011 417 1084; x_wconf 87' lang='lat' dir='ltr'><strong>videtur,</strong></span> <span class='ocrx_word' id='word_1_46' title='bbox 440 1020 475 1070; x_wconf 91' lang='lat' dir='ltr'><strong>ut</strong></span> <span class='ocrx_word' id='word_1_47' title='bbox 496 1011 571 1071; x_wconf 89' lang='lat' dir='ltr'><strong>belli</strong></span> <span class='ocrx_word' id='word_1_48' title='bbox 586 1013 661 1071; x_wconf 88' lang='lat' dir='ltr'><strong>anni</strong></span> <span class='ocrx_word' id='word_1_49' title='bbox 677 1022 882 1091; x_wconf 80' lang='lat' dir='ltr'><strong>congruerent</strong></span> <span class='ocrx_word' id='word_1_50' title='bbox 904 1033 972 1073; x_wconf 92' lang='lat' dir='ltr'><strong>cum</strong></span> <span class='ocrx_word' id='word_1_51' title='bbox 987 1013 1191 1091; x_wconf 83' lang='lat' dir='ltr'><strong>naturalibus3</strong></span> <span class='ocrx_word' id='word_1_52' title='bbox 1216 1035 1287 1074; x_wconf 89' lang='lat' dir='ltr'><strong>nam</strong></span> <span class='ocrx_word' id='word_1_53' title='bbox 1302 1015 1421 1086; x_wconf 80' lang='lat' dir='ltr'><strong>etiamsi</strong></span> 
     </span>
     <span class='ocr_line' id='line_1_8' title="bbox 281 1111 1420 1195; baseline 0.004 -25"><span class='ocrx_word' id='word_1_54' title='bbox 281 1111 354 1170; x_wconf 92' lang='lat' dir='ltr'><strong>belli</strong></span> <span class='ocrx_word' id='word_1_55' title='bbox 368 1113 489 1171; x_wconf 91' lang='lat' dir='ltr'><strong>initium</strong></span> <span class='ocrx_word' id='word_1_56' title='bbox 503 1113 605 1172; x_wconf 90' lang='lat' dir='ltr'><strong>media</strong></span> <span class='ocrx_word' id='word_1_57' title='bbox 620 1122 735 1173; x_wconf 80' lang='lat' dir='ltr'><strong>aestate</strong></span> <span class='ocrx_word' id='word_1_58' title='bbox 762 1115 878 1186; x_wconf 88' lang='lat' dir='ltr'><strong>fuisset,</strong></span> <span class='ocrx_word' id='word_1_59' title='bbox 902 1123 1005 1173; x_wconf 90' lang='lat' dir='ltr'><strong>tamen</strong></span> <span class='ocrx_word' id='word_1_60' title='bbox 1028 1115 1101 1174; x_wconf 92' lang='lat' dir='ltr'><strong>inde</strong></span> <span class='ocrx_word' id='word_1_61' title='bbox 1128 1115 1166 1175; x_wconf 88' lang='lat' dir='ltr'><strong>ab</strong></span> <span class='ocrx_word' id='word_1_62' title='bbox 1192 1115 1250 1174; x_wconf 92' lang='lat' dir='ltr'><strong>hoc</strong></span> <span class='ocrx_word' id='word_1_63' title='bbox 1275 1117 1420 1195; x_wconf 90' lang='lat' dir='ltr'><strong>temporis</strong></span> 
     </span>
     <span class='ocr_line' id='line_1_9' title="bbox 281 1214 1015 1294; baseline 0.003 -23"><span class='ocrx_word' id='word_1_64' title='bbox 281 1214 657 1294; x_wconf 78' lang='lat' dir='ltr'><strong>momento-Thucydides</strong></span> <span class='ocrx_word' id='word_1_65' title='bbox 680 1235 778 1273; x_wconf 89' lang='lat' dir='ltr'><strong>annos</strong></span> <span class='ocrx_word' id='word_1_66' title='bbox 803 1223 1015 1293; x_wconf 88' lang='lat' dir='ltr'><strong>computasset.</strong></span> 
     </span>
    </p>

    <p class='ocr_par' dir='ltr' id='par_1_3' title="bbox 283 1315 1422 1478">
     <span class='ocr_line' id='line_1_10' title="bbox 366 1315 1422 1397; baseline 0.007 -25"><span class='ocrx_word' id='word_1_67' title='bbox 366 1315 515 1395; x_wconf 82' lang='lat' dir='ltr'><strong>Polybius</strong></span> <span class='ocrx_word' id='word_1_68' title='bbox 537 1324 639 1376; x_wconf 90' lang='lat' dir='ltr'><strong>autem</strong></span> <span class='ocrx_word' id='word_1_69' title='bbox 653 1317 791 1395; x_wconf 88' lang='lat' dir='ltr'><strong>singulos</strong></span> <span class='ocrx_word' id='word_1_70' title='bbox 807 1317 1017 1396; x_wconf 89' lang='lat' dir='ltr'><strong>olympiadum</strong></span> <span class='ocrx_word' id='word_1_71' title='bbox 1032 1337 1131 1376; x_wconf 87' lang='lat' dir='ltr'><strong>annos</strong></span> <span class='ocrx_word' id='word_1_72' title='bbox 1146 1337 1266 1397; x_wconf 87' lang='lat' dir='ltr'><strong>semper</strong></span> <span class='ocrx_word' id='word_1_73' title='bbox 1287 1319 1422 1397; x_wconf 86' lang='lat' dir='ltr'><strong>respexit</strong></span> 
     </span>
     <span class='ocr_line' id='line_1_11' title="bbox 283 1417 505 1478; baseline 0.018 -4"><span class='ocrx_word' id='word_1_74' title='bbox 283 1424 313 1474; x_wconf 87' lang='lat' dir='ltr'><strong>et</strong></span> <span class='ocrx_word' id='word_1_75' title='bbox 337 1417 505 1478; x_wconf 88' lang='lat' dir='ltr'><strong>adnotavit.</strong></span> 
     </span>
    </p>

    <p class='ocr_par' dir='ltr' id='par_1_4' title="bbox 282 1514 1421 2006">
     <span class='ocr_line' id='line_1_12' title="bbox 367 1514 1421 1598; baseline 0.003 -21"><span class='ocrx_word' id='word_1_76' title='bbox 367 1516 510 1577; x_wconf 77' lang='lat' dir='ltr'><strong>Ceterum</strong></span> <span class='ocrx_word' id='word_1_77' title='bbox 525 1521 590 1597; x_wconf 90' lang='lat' dir='ltr'><strong>ipse</strong></span> <span class='ocrx_word' id='word_1_78' title='bbox 605 1519 770 1592; x_wconf 88' lang='lat' dir='ltr'><strong>Diodorus,</strong></span> <span class='ocrx_word' id='word_1_79' title='bbox 788 1528 821 1578; x_wconf 87' lang='lat' dir='ltr'><strong>ut</strong></span> <span class='ocrx_word' id='word_1_80' title='bbox 836 1519 920 1579; x_wconf 89' lang='lat' dir='ltr'><strong>illam</strong></span> <span class='ocrx_word' id='word_1_81' title='bbox 937 1514 1147 1598; x_wconf 87' lang='lat' dir='ltr'><strong>olympiadum</strong></span> <span class='ocrx_word' id='word_1_82' title='bbox 1163 1521 1421 1580; x_wconf 87' lang='lat' dir='ltr'><strong>numerandarum</strong></span> 
     </span>
     <span class='ocr_line' id='line_1_13' title="bbox 282 1620 1419 1699; baseline 0.004 -21"><span class='ocrx_word' id='word_1_83' title='bbox 282 1621 431 1679; x_wconf 86' lang='lat' dir='ltr'><strong>rationem</strong></span> <span class='ocrx_word' id='word_1_84' title='bbox 454 1620 627 1692; x_wconf 89' lang='lat' dir='ltr'><strong>adhiberet,</strong></span> <span class='ocrx_word' id='word_1_85' title='bbox 653 1621 727 1680; x_wconf 90' lang='lat' dir='ltr'><strong>mihi</strong></span> <span class='ocrx_word' id='word_1_86' title='bbox 750 1621 874 1699; x_wconf 88' lang='lat' dir='ltr'><strong>quidem</strong></span> <span class='ocrx_word' id='word_1_87' title='bbox 895 1621 1018 1678; x_wconf 91' lang='lat' dir='ltr'><strong>videtur</strong></span> <span class='ocrx_word' id='word_1_88' title='bbox 1040 1629 1205 1679; x_wconf 91' lang='lat' dir='ltr'><strong>commotus</strong></span> <span class='ocrx_word' id='word_1_89' title='bbox 1228 1641 1294 1680; x_wconf 88' lang='lat' dir='ltr'><strong>esse</strong></span> <span class='ocrx_word' id='word_1_90' title='bbox 1308 1623 1419 1683; x_wconf 86' lang='lat' dir='ltr'><strong>Roma-</strong></span> 
     </span>
     <span class='ocr_line' id='line_1_14' title="bbox 282 1719 1420 1801; baseline 0.005 -23"><span class='ocrx_word' id='word_1_91' title='bbox 282 1742 390 1780; x_wconf 88' lang='lat' dir='ltr'><strong>norum</strong></span> <span class='ocrx_word' id='word_1_92' title='bbox 412 1722 565 1800; x_wconf 84' lang='lat' dir='ltr'><strong>exemplo,</strong></span> <span class='ocrx_word' id='word_1_93' title='bbox 595 1737 672 1799; x_wconf 88' lang='lat' dir='ltr'><strong>quos</strong></span> <span class='ocrx_word' id='word_1_94' title='bbox 699 1721 773 1780; x_wconf 89' lang='lat' dir='ltr'><strong>inde</strong></span> <span class='ocrx_word' id='word_1_95' title='bbox 796 1742 814 1779; x_wconf 89' lang='lat' dir='ltr'><strong>a</strong></span> <span class='ocrx_word' id='word_1_96' title='bbox 837 1719 893 1780; x_wconf 80' lang='lat' dir='ltr'><strong>Oai</strong></span> <span class='ocrx_word' id='word_1_97' title='bbox 921 1721 982 1779; x_wconf 91' lang='lat' dir='ltr'><strong>Iuli</strong></span> <span class='ocrx_word' id='word_1_98' title='bbox 1011 1719 1151 1780; x_wconf 81' lang='lat' dir='ltr'><strong>Caesaris</strong></span> <span class='ocrx_word' id='word_1_99' title='bbox 1174 1730 1275 1782; x_wconf 82' lang='lat' dir='ltr'><strong>aetate</strong></span> <span class='ocrx_word' id='word_1_100' title='bbox 1298 1722 1420 1801; x_wconf 89' lang='lat' dir='ltr'><strong>publice</strong></span> 
     </span>
     <span class='ocr_line' id='line_1_15' title="bbox 282 1822 1420 1901; baseline 0.004 -21"><span class='ocrx_word' id='word_1_101' title='bbox 282 1824 459 1881; x_wconf 85' lang='lat' dir='ltr'><strong>Ianuarium</strong></span> <span class='ocrx_word' id='word_1_102' title='bbox 481 1843 617 1882; x_wconf 89' lang='lat' dir='ltr'><strong>mensem</strong></span> <span class='ocrx_word' id='word_1_103' title='bbox 650 1842 704 1901; x_wconf 88' lang='lat' dir='ltr'><strong>pro</strong></span> <span class='ocrx_word' id='word_1_104' title='bbox 736 1823 833 1900; x_wconf 91' lang='lat' dir='ltr'><strong>primo</strong></span> <span class='ocrx_word' id='word_1_105' title='bbox 867 1823 941 1882; x_wconf 90' lang='lat' dir='ltr'><strong>anni</strong></span> <span class='ocrx_word' id='word_1_106' title='bbox 973 1843 1079 1882; x_wconf 90' lang='lat' dir='ltr'><strong>mense</strong></span> <span class='ocrx_word' id='word_1_107' title='bbox 1112 1822 1257 1882; x_wconf 87' lang='lat' dir='ltr'><strong>habuisse</strong></span> <span class='ocrx_word' id='word_1_108' title='bbox 1290 1833 1420 1884; x_wconf 88' lang='lat' dir='ltr'><strong>constat.</strong></span> 
     </span>
     <span class='ocr_line' id='line_1_16' title="bbox 284 1919 1421 2006; baseline 0.004 -25"><span class='ocrx_word' id='word_1_109' title='bbox 284 1926 392 2003; x_wconf 87' lang='lat' dir='ltr'><strong>ltaque</strong></span> <span class='ocrx_word' id='word_1_110' title='bbox 418 1924 506 1996; x_wconf 89' lang='lat' dir='ltr'><strong>inde,</strong></span> <span class='ocrx_word' id='word_1_111' title='bbox 533 1924 616 2002; x_wconf 91' lang='lat' dir='ltr'><strong>quod</strong></span> <span class='ocrx_word' id='word_1_112' title='bbox 641 1923 796 1982; x_wconf 90' lang='lat' dir='ltr'><strong>Diodorus</strong></span> <span class='ocrx_word' id='word_1_113' title='bbox 823 1924 913 1982; x_wconf 89' lang='lat' dir='ltr'><strong>aliter</strong></span> <span class='ocrx_word' id='word_1_114' title='bbox 938 1933 1031 2002; x_wconf 89' lang='lat' dir='ltr'><strong>atquc</strong></span> <span class='ocrx_word' id='word_1_115' title='bbox 1057 1919 1259 2004; x_wconf 83' lang='lat' dir='ltr'><strong>Thucydides</strong></span> <span class='ocrx_word' id='word_1_116' title='bbox 1281 1934 1421 2006; x_wconf 89' lang='lat' dir='ltr'><strong>tempora</strong></span> 
     </span>
    </p>
   </div>
   <div class='ocr_carea' id='block_1_3' title="bbox 176 2023 1420 2110">
    <p class='ocr_par' dir='ltr' id='par_1_5' title="bbox 176 2023 1420 2110">
     <span class='ocr_line' id='line_1_17' title="bbox 176 2023 1420 2110; baseline 0.002 -27"><span class='ocrx_word' id='word_1_117' title='bbox 176 2097 178 2110; x_wconf 33' lang='grc'>1</span> <span class='ocrx_word' id='word_1_118' title='bbox 282 2027 415 2102; x_wconf 89' lang='lat' dir='ltr'><strong>notavit,</strong></span> <span class='ocrx_word' id='word_1_119' title='bbox 444 2027 568 2084; x_wconf 89' lang='lat' dir='ltr'><strong>minime</strong></span> <span class='ocrx_word' id='word_1_120' title='bbox 598 2023 741 2084; x_wconf 90' lang='lat' dir='ltr'><strong>concludi</strong></span> <span class='ocrx_word' id='word_1_121' title='bbox 763 2033 876 2104; x_wconf 90' lang='lat' dir='ltr'><strong>potest,</strong></span> <span class='ocrx_word' id='word_1_122' title='bbox 906 2025 1078 2085; x_wconf 87' lang='lat' dir='ltr'><strong>Diodorum</strong></span> <span class='ocrx_word' id='word_1_123' title='bbox 1104 2025 1298 2106; x_wconf 84' lang='lat' dir='ltr'><strong>Thucydidis</strong></span> <span class='ocrx_word' id='word_1_124' title='bbox 1326 2027 1420 2087; x_wconf 88' lang='lat' dir='ltr'><strong>libros</strong></span> 
     </span>
    </p>
   </div>
   <div class='ocr_carea' id='block_1_4' title="bbox 265 2148 1421 4438">
    <p class='ocr_par' dir='ltr' id='par_1_6' title="bbox 281 2148 546 2206">
     <span class='ocr_line' id='line_1_18' title="bbox 281 2148 546 2206; baseline 0.004 -21"><span class='ocrx_word' id='word_1_125' title='bbox 281 2149 344 2186; x_wconf 92' lang='lat' dir='ltr'><strong>non</strong></span> <span class='ocrx_word' id='word_1_126' title='bbox 366 2148 546 2206; x_wconf 79' lang='lat' dir='ltr'><strong>respexisse.</strong></span> 
     </span>
    </p>

    <p class='ocr_par' dir='ltr' id='par_1_7' title="bbox 265 2223 1421 3913">
     <span class='ocr_line' id='line_1_19' title="bbox 265 2223 1421 2308; baseline 0.003 -22"><span class='ocrx_word' id='word_1_127' title='bbox 265 2247 269 2260; x_wconf 88' lang='lat'><strong>·</strong></span> <span class='ocrx_word' id='word_1_128' title='bbox 365 2230 482 2288; x_wconf 89' lang='lat' dir='ltr'><strong>Maiore</strong></span> <span class='ocrx_word' id='word_1_129' title='bbox 505 2229 629 2306; x_wconf 89' lang='lat' dir='ltr'><strong>quidem</strong></span> <span class='ocrx_word' id='word_1_130' title='bbox 641 2250 708 2288; x_wconf 90' lang='lat' dir='ltr'><strong>cum</strong></span> <span class='ocrx_word' id='word_1_131' title='bbox 719 2227 936 2306; x_wconf 89' lang='lat' dir='ltr'><strong>probabilitate</strong></span> <span class='ocrx_word' id='word_1_132' title='bbox 946 2223 1213 2306; x_wconf 86' lang='lat' dir='ltr'><strong>Volquardsenius</strong></span> <span class='ocrx_word' id='word_1_133' title='bbox 1236 2229 1319 2302; x_wconf 88' lang='lat' dir='ltr'><strong>inde,</strong></span> <span class='ocrx_word' id='word_1_134' title='bbox 1337 2231 1421 2308; x_wconf 90' lang='lat' dir='ltr'><strong>quod</strong></span> 
     </span>
     <span class='ocr_line' id='line_1_20' title="bbox 280 2328 1419 2408; baseline 0.001 -19"><span class='ocrx_word' id='word_1_135' title='bbox 280 2332 435 2389; x_wconf 90' lang='lat' dir='ltr'><strong>Diodorus</strong></span> <span class='ocrx_word' id='word_1_136' title='bbox 460 2329 580 2389; x_wconf 87' lang='lat' dir='ltr'><strong>diversa</strong></span> <span class='ocrx_word' id='word_1_137' title='bbox 602 2349 702 2388; x_wconf 89' lang='lat' dir='ltr'><strong>rerum</strong></span> <span class='ocrx_word' id='word_1_138' title='bbox 726 2328 987 2406; x_wconf 89' lang='lat' dir='ltr'><strong>disponendarum</strong></span> <span class='ocrx_word' id='word_1_139' title='bbox 1014 2330 1133 2387; x_wconf 85' lang='lat' dir='ltr'><strong>ratione</strong></span> <span class='ocrx_word' id='word_1_140' title='bbox 1156 2349 1248 2408; x_wconf 86' lang='lat' dir='ltr'><strong>saepe</strong></span> <span class='ocrx_word' id='word_1_141' title='bbox 1269 2350 1341 2390; x_wconf 90' lang='lat' dir='ltr'><strong>usus</strong></span> <span class='ocrx_word' id='word_1_142' title='bbox 1365 2340 1419 2405; x_wconf 87' lang='lat' dir='ltr'><strong>est,</strong></span> 
     </span>
     <span class='ocr_line' id='line_1_21' title="bbox 282 2429 1421 2510; baseline 0.001 -19"><span class='ocrx_word' id='word_1_143' title='bbox 282 2452 350 2491; x_wconf 89' lang='lat' dir='ltr'><strong>eum</strong></span> <span class='ocrx_word' id='word_1_144' title='bbox 372 2431 565 2510; x_wconf 87' lang='lat' dir='ltr'><strong>Thucydidis</strong></span> <span class='ocrx_word' id='word_1_145' title='bbox 590 2429 684 2488; x_wconf 90' lang='lat' dir='ltr'><strong>libros</strong></span> <span class='ocrx_word' id='word_1_146' title='bbox 716 2430 889 2506; x_wconf 82' lang='lat' dir='ltr'><strong>neglexisse</strong></span> <span class='ocrx_word' id='word_1_147' title='bbox 921 2430 1044 2487; x_wconf 88' lang='lat' dir='ltr'><strong>videtur</strong></span> <span class='ocrx_word' id='word_1_148' title='bbox 1073 2430 1267 2490; x_wconf 89' lang='lat' dir='ltr'><strong>concludere.</strong></span> <span class='ocrx_word' id='word_1_149' title='bbox 1305 2431 1421 2492; x_wconf 90' lang='lat' dir='ltr'><strong>Verum</strong></span> 
     </span>
     <span class='ocr_line' id='line_1_22' title="bbox 281 2530 1420 2612; baseline 0.003 -21"><span class='ocrx_word' id='word_1_150' title='bbox 281 2541 383 2591; x_wconf 90' lang='lat' dir='ltr'><strong>tamen</strong></span> <span class='ocrx_word' id='word_1_151' title='bbox 406 2531 490 2590; x_wconf 88' lang='lat' dir='ltr'><strong>solo</strong></span> <span class='ocrx_word' id='word_1_152' title='bbox 507 2531 565 2590; x_wconf 91' lang='lat' dir='ltr'><strong>hoc</strong></span> <span class='ocrx_word' id='word_1_153' title='bbox 581 2539 760 2609; x_wconf 81' lang='lat' dir='ltr'><strong>argumento</strong></span> <span class='ocrx_word' id='word_1_154' title='bbox 776 2531 803 2588; x_wconf 88' lang='lat' dir='ltr'><strong>si</strong></span> <span class='ocrx_word' id='word_1_155' title='bbox 818 2530 885 2608; x_wconf 90' lang='lat' dir='ltr'><strong>quis</strong></span> <span class='ocrx_word' id='word_1_156' title='bbox 907 2530 1023 2603; x_wconf 88' lang='lat' dir='ltr'><strong>nititur,</strong></span> <span class='ocrx_word' id='word_1_157' title='bbox 1048 2531 1200 2590; x_wconf 92' lang='lat' dir='ltr'><strong>nonsatis</strong></span> <span class='ocrx_word' id='word_1_158' title='bbox 1217 2540 1304 2591; x_wconf 84' lang='lat' dir='ltr'><strong>ceute</strong></span> <span class='ocrx_word' id='word_1_159' title='bbox 1327 2542 1420 2612; x_wconf 88' lang='lat' dir='ltr'><strong>atquc</strong></span> 
     </span>
     <span class='ocr_line' id='line_1_23' title="bbox 282 2632 1419 2712; baseline 0.002 -20"><span class='ocrx_word' id='word_1_160' title='bbox 282 2635 448 2712; x_wconf 83' lang='lat' dir='ltr'><strong>diligenter</strong></span> <span class='ocrx_word' id='word_1_161' title='bbox 469 2633 593 2694; x_wconf 89' lang='lat' dir='ltr'><strong>iudicat.</strong></span> <span class='ocrx_word' id='word_1_162' title='bbox 623 2632 703 2692; x_wconf 90' lang='lat' dir='ltr'><strong>Nam</strong></span> <span class='ocrx_word' id='word_1_163' title='bbox 724 2633 782 2690; x_wconf 88' lang='lat' dir='ltr'><strong>hac</strong></span> <span class='ocrx_word' id='word_1_164' title='bbox 797 2651 919 2711; x_wconf 88' lang='lat' dir='ltr'><strong>quoque</strong></span> <span class='ocrx_word' id='word_1_165' title='bbox 942 2633 974 2689; x_wconf 92' lang='lat' dir='ltr'><strong>in</strong></span> <span class='ocrx_word' id='word_1_166' title='bbox 997 2652 1030 2691; x_wconf 90' lang='lat' dir='ltr'><strong>re</strong></span> <span class='ocrx_word' id='word_1_167' title='bbox 1046 2632 1136 2690; x_wconf 90' lang='lat' dir='ltr'><strong>facile</strong></span> <span class='ocrx_word' id='word_1_168' title='bbox 1158 2634 1310 2712; x_wconf 87' lang='lat' dir='ltr'><strong>quispiam</strong></span> <span class='ocrx_word' id='word_1_169' title='bbox 1333 2634 1419 2694; x_wconf 88' lang='lat' dir='ltr'><strong>dubi·</strong></span> 
     </span>
     <span class='ocr_line' id='line_1_24' title="bbox 281 2733 1420 2808; baseline 0.001 -14"><span class='ocrx_word' id='word_1_170' title='bbox 281 2737 405 2807; x_wconf 87' lang='lat' dir='ltr'><strong>taverit,</strong></span> <span class='ocrx_word' id='word_1_171' title='bbox 429 2744 531 2794; x_wconf 89' lang='lat' dir='ltr'><strong>utrum</strong></span> <span class='ocrx_word' id='word_1_172' title='bbox 553 2734 629 2793; x_wconf 92' lang='lat' dir='ltr'><strong>haec</strong></span> <span class='ocrx_word' id='word_1_173' title='bbox 651 2734 799 2793; x_wconf 88' lang='lat' dir='ltr'><strong>narrandi</strong></span> <span class='ocrx_word' id='word_1_174' title='bbox 814 2733 1003 2792; x_wconf 88' lang='lat' dir='ltr'><strong>consuetudo</strong></span> <span class='ocrx_word' id='word_1_175' title='bbox 1027 2733 1067 2792; x_wconf 90' lang='lat' dir='ltr'><strong>ad</strong></span> <span class='ocrx_word' id='word_1_176' title='bbox 1083 2734 1201 2793; x_wconf 89' lang='lat' dir='ltr'><strong>fontem</strong></span> <span class='ocrx_word' id='word_1_177' title='bbox 1215 2735 1354 2808; x_wconf 90' lang='lat' dir='ltr'><strong>Diodori,</strong></span> <span class='ocrx_word' id='word_1_178' title='bbox 1379 2755 1420 2796; x_wconf 86' lang='lat' dir='ltr'><strong>an</strong></span> 
     </span>
     <span class='ocr_line' id='line_1_25' title="bbox 281 2834 1421 2914; baseline 0.002 -19"><span class='ocrx_word' id='word_1_179' title='bbox 281 2837 321 2895; x_wconf 88' lang='lat' dir='ltr'><strong>ad</strong></span> <span class='ocrx_word' id='word_1_180' title='bbox 343 2837 443 2914; x_wconf 89' lang='lat' dir='ltr'><strong>ipsum</strong></span> <span class='ocrx_word' id='word_1_181' title='bbox 464 2835 636 2894; x_wconf 85' lang='lat' dir='ltr'><strong>Diodorum</strong></span> <span class='ocrx_word' id='word_1_182' title='bbox 658 2837 812 2913; x_wconf 87' lang='lat' dir='ltr'><strong>pertineat</strong></span> <span class='ocrx_word' id='word_1_183' title='bbox 833 2843 926 2913; x_wconf 88' lang='lat' dir='ltr'><strong>atque</strong></span> <span class='ocrx_word' id='word_1_184' title='bbox 949 2834 1113 2894; x_wconf 83' lang='lat' dir='ltr'><strong>referenda</strong></span> <span class='ocrx_word' id='word_1_185' title='bbox 1139 2836 1187 2896; x_wconf 92' lang='lat' dir='ltr'><strong>sit.</strong></span> <span class='ocrx_word' id='word_1_186' title='bbox 1223 2835 1316 2895; x_wconf 90' lang='lat' dir='ltr'><strong>Hunc</strong></span> <span class='ocrx_word' id='word_1_187' title='bbox 1338 2839 1421 2898; x_wconf 88' lang='lat' dir='ltr'><strong>enim</strong></span> 
     </span>
     <span class='ocr_line' id='line_1_26' title="bbox 281 2935 1418 3015; baseline 0.002 -19"><span class='ocrx_word' id='word_1_188' title='bbox 281 2959 344 2996; x_wconf 93' lang='lat' dir='ltr'><strong>non</strong></span> <span class='ocrx_word' id='word_1_189' title='bbox 366 2947 429 2997; x_wconf 89' lang='lat' dir='ltr'><strong>tam</strong></span> <span class='ocrx_word' id='word_1_190' title='bbox 451 2945 565 2995; x_wconf 89' lang='lat' dir='ltr'><strong>temere</strong></span> <span class='ocrx_word' id='word_1_191' title='bbox 591 2944 714 3014; x_wconf 88' lang='lat' dir='ltr'><strong>tamque</strong></span> <span class='ocrx_word' id='word_1_192' title='bbox 738 2937 920 3015; x_wconf 88' lang='lat' dir='ltr'><strong>imparatum</strong></span> <span class='ocrx_word' id='word_1_193' title='bbox 953 2937 993 2994; x_wconf 90' lang='lat' dir='ltr'><strong>ad</strong></span> <span class='ocrx_word' id='word_1_194' title='bbox 1019 2935 1215 2995; x_wconf 89' lang='lat' dir='ltr'><strong>scribendum</strong></span> <span class='ocrx_word' id='word_1_195' title='bbox 1246 2940 1418 3013; x_wconf 87' lang='lat' dir='ltr'><strong>accessisse,</strong></span> 
     </span>
     <span class='ocr_line' id='line_1_27' title="bbox 282 3037 1418 3118; baseline 0.002 -20"><span class='ocrx_word' id='word_1_196' title='bbox 282 3048 316 3098; x_wconf 88' lang='lat' dir='ltr'><strong>ut</strong></span> <span class='ocrx_word' id='word_1_197' title='bbox 348 3042 437 3118; x_wconf 89' lang='lat' dir='ltr'><strong>putat</strong></span> <span class='ocrx_word' id='word_1_198' title='bbox 469 3039 517 3097; x_wconf 87' lang='lat' dir='ltr'><strong>vir</strong></span> <span class='ocrx_word' id='word_1_199' title='bbox 553 3038 606 3096; x_wconf 89' lang='lat' dir='ltr'><strong>ille</strong></span> <span class='ocrx_word' id='word_1_200' title='bbox 640 3037 846 3109; x_wconf 87' lang='lat' dir='ltr'><strong>doctissimus,</strong></span> <span class='ocrx_word' id='word_1_201' title='bbox 877 3057 915 3096; x_wconf 85' lang='lat' dir='ltr'><strong>ex</strong></span> <span class='ocrx_word' id='word_1_202' title='bbox 942 3057 977 3096; x_wconf 92' lang='lat' dir='ltr'><strong>eo</strong></span> <span class='ocrx_word' id='word_1_203' title='bbox 1007 3057 1157 3114; x_wconf 83' lang='lat' dir='ltr'><strong>apparere</strong></span> <span class='ocrx_word' id='word_1_204' title='bbox 1185 3038 1259 3096; x_wconf 91' lang='lat' dir='ltr'><strong>mihi</strong></span> <span class='ocrx_word' id='word_1_205' title='bbox 1286 3040 1418 3116; x_wconf 87' lang='lat' dir='ltr'><strong>videtur,</strong></span> 
     </span>
     <span class='ocr_line' id='line_1_28' title="bbox 282 3136 1419 3219; baseline 0.001 -19"><span class='ocrx_word' id='word_1_206' title='bbox 282 3142 365 3219; x_wconf 89' lang='lat' dir='ltr'><strong>quod</strong></span> <span class='ocrx_word' id='word_1_207' title='bbox 388 3142 420 3198; x_wconf 94' lang='lat' dir='ltr'><strong>in</strong></span> <span class='ocrx_word' id='word_1_208' title='bbox 444 3139 596 3219; x_wconf 83' lang='lat' dir='ltr'><strong>prioribus</strong></span> <span class='ocrx_word' id='word_1_209' title='bbox 618 3138 703 3197; x_wconf 92' lang='lat' dir='ltr'><strong>libris</strong></span> <span class='ocrx_word' id='word_1_210' title='bbox 727 3160 790 3198; x_wconf 92' lang='lat' dir='ltr'><strong>non</strong></span> <span class='ocrx_word' id='word_1_211' title='bbox 812 3159 874 3198; x_wconf 89' lang='lat' dir='ltr'><strong>uno</strong></span> <span class='ocrx_word' id='word_1_212' title='bbox 897 3139 962 3197; x_wconf 90' lang='lat' dir='ltr'><strong>loco</strong></span> <span class='ocrx_word' id='word_1_213' title='bbox 989 3136 1041 3214; x_wconf 88' lang='lat' dir='ltr'><strong>(cf.</strong></span> <span class='ocrx_word' id='word_1_214' title='bbox 1064 3137 1085 3196; x_wconf 94' lang='lat' dir='ltr'><strong>l.</strong></span> <span class='ocrx_word' id='word_1_215' title='bbox 1108 3138 1127 3199; x_wconf 93' lang='lat' dir='ltr'><strong>l.</strong></span> <span class='ocrx_word' id='word_1_216' title='bbox 1144 3138 1190 3197; x_wconf 90' lang='lat' dir='ltr'><strong>VI</strong></span> <span class='ocrx_word' id='word_1_217' title='bbox 1213 3147 1243 3198; x_wconf 90' lang='lat' dir='ltr'><strong>et</strong></span> <span class='ocrx_word' id='word_1_218' title='bbox 1265 3139 1328 3199; x_wconf 94' lang='lat' dir='ltr'><strong>VII</strong></span> <span class='ocrx_word' id='word_1_219' title='bbox 1350 3142 1419 3200; x_wconf 91' lang='lat' dir='ltr'><strong>reli·</strong></span> 
     </span>
     <span class='ocr_line' id='line_1_29' title="bbox 282 3239 1420 3322; baseline 0.001 -21"><span class='ocrx_word' id='word_1_220' title='bbox 282 3244 369 3322; x_wconf 83' lang='lat' dir='ltr'><strong>quies</strong></span> <span class='ocrx_word' id='word_1_221' title='bbox 385 3264 404 3300; x_wconf 88' lang='lat' dir='ltr'><strong>a</strong></span> <span class='ocrx_word' id='word_1_222' title='bbox 418 3242 567 3300; x_wconf 88' lang='lat' dir='ltr'><strong>Muellerc</strong></span> <span class='ocrx_word' id='word_1_223' title='bbox 585 3239 757 3319; x_wconf 87' lang='lat' dir='ltr'><strong>congestas)</strong></span> <span class='ocrx_word' id='word_1_224' title='bbox 775 3261 807 3299; x_wconf 90' lang='lat' dir='ltr'><strong>se</strong></span> <span class='ocrx_word' id='word_1_225' title='bbox 824 3239 1003 3318; x_wconf 85' lang='lat' dir='ltr'><strong>diligentius</strong></span> <span class='ocrx_word' id='word_1_226' title='bbox 1019 3247 1112 3318; x_wconf 85' lang='lat' dir='ltr'><strong>atque</strong></span> <span class='ocrx_word' id='word_1_227' title='bbox 1127 3240 1298 3300; x_wconf 86' lang='lat' dir='ltr'><strong>accuratius</strong></span> <span class='ocrx_word' id='word_1_228' title='bbox 1313 3251 1420 3320; x_wconf 85' lang='lat' dir='ltr'><strong>postea</strong></span> 
     </span>
     <span class='ocr_line' id='line_1_30' title="bbox 282 3341 1420 3423; baseline 0 -20"><span class='ocrx_word' id='word_1_229' title='bbox 282 3345 490 3423; x_wconf 85' lang='lat' dir='ltr'><strong>expositurum</strong></span> <span class='ocrx_word' id='word_1_230' title='bbox 513 3362 593 3401; x_wconf 79' lang='lat' dir='ltr'><strong>esse</strong></span> <span class='ocrx_word' id='word_1_231' title='bbox 604 3364 640 3402; x_wconf 90' lang='lat' dir='ltr'><strong>ea</strong></span> <span class='ocrx_word' id='word_1_232' title='bbox 664 3341 750 3414; x_wconf 92' lang='lat' dir='ltr'><strong>dicit,</strong></span> <span class='ocrx_word' id='word_1_233' title='bbox 774 3362 853 3420; x_wconf 89' lang='lat' dir='ltr'><strong>quae</strong></span> <span class='ocrx_word' id='word_1_234' title='bbox 875 3341 919 3400; x_wconf 91' lang='lat' dir='ltr'><strong>ibi</strong></span> <span class='ocrx_word' id='word_1_235' title='bbox 949 3342 1060 3401; x_wconf 90' lang='lat' dir='ltr'><strong>leviter</strong></span> <span class='ocrx_word' id='word_1_236' title='bbox 1081 3342 1270 3420; x_wconf 79' lang='lat' dir='ltr'><strong>perstringit.</strong></span> <span class='ocrx_word' id='word_1_237' title='bbox 1301 3342 1420 3420; x_wconf 75' lang='lat' dir='ltr'><strong>Quibus</strong></span> 
     </span>
     <span class='ocr_line' id='line_1_31' title="bbox 283 3425 1420 3523; baseline -0.001 -17"><span class='ocrx_word' id='word_1_238' title='bbox 283 3446 394 3506; x_wconf 90' lang='lat' dir='ltr'><strong>elocis</strong></span> <span class='ocrx_word' id='word_1_239' title='bbox 423 3445 455 3503; x_wconf 92' lang='lat' dir='ltr'><strong>id</strong></span> <span class='ocrx_word' id='word_1_240' title='bbox 477 3425 601 3523; x_wconf 81' lang='lat' dir='ltr'><strong>quidem</strong></span> <span class='ocrx_word' id='word_1_241' title='bbox 624 3443 736 3516; x_wconf 91' lang='lat' dir='ltr'><strong>elucet,</strong></span> <span class='ocrx_word' id='word_1_242' title='bbox 761 3443 946 3515; x_wconf 87' lang='lat' dir='ltr'><strong>Diodorum,</strong></span> <span class='ocrx_word' id='word_1_243' title='bbox 977 3452 1142 3520; x_wconf 90' lang='lat' dir='ltr'><strong>antequam</strong></span> <span class='ocrx_word' id='word_1_244' title='bbox 1164 3442 1204 3502; x_wconf 89' lang='lat' dir='ltr'><strong>ad</strong></span> <span class='ocrx_word' id='word_1_245' title='bbox 1226 3442 1420 3505; x_wconf 86' lang='lat' dir='ltr'><strong>scribendum</strong></span> 
     </span>
     <span class='ocr_line' id='line_1_32' title="bbox 282 3543 1419 3624; baseline -0.002 -16"><span class='ocrx_word' id='word_1_246' title='bbox 282 3548 454 3619; x_wconf 88' lang='lat' dir='ltr'><strong>accederet,</strong></span> <span class='ocrx_word' id='word_1_247' title='bbox 480 3567 531 3605; x_wconf 90' lang='lat' dir='ltr'><strong>eas</strong></span> <span class='ocrx_word' id='word_1_248' title='bbox 554 3565 602 3604; x_wconf 91' lang='lat' dir='ltr'><strong>res</strong></span> <span class='ocrx_word' id='word_1_249' title='bbox 619 3546 799 3623; x_wconf 87' lang='lat' dir='ltr'><strong>cognovisse</strong></span> <span class='ocrx_word' id='word_1_250' title='bbox 816 3553 846 3604; x_wconf 89' lang='lat' dir='ltr'><strong>et</strong></span> <span class='ocrx_word' id='word_1_251' title='bbox 867 3552 969 3604; x_wconf 91' lang='lat' dir='ltr'><strong>mente</strong></span> <span class='ocrx_word' id='word_1_252' title='bbox 985 3543 1109 3622; x_wconf 89' lang='lat' dir='ltr'><strong>quidem</strong></span> <span class='ocrx_word' id='word_1_253' title='bbox 1130 3544 1325 3623; x_wconf 86' lang='lat' dir='ltr'><strong>disposuisse,</strong></span> <span class='ocrx_word' id='word_1_254' title='bbox 1343 3566 1419 3624; x_wconf 88' lang='lat' dir='ltr'><strong>quas</strong></span> 
     </span>
     <span class='ocr_line' id='line_1_33' title="bbox 282 3646 1420 3729; baseline 0 -21"><span class='ocrx_word' id='word_1_255' title='bbox 282 3651 347 3728; x_wconf 84' lang='lat' dir='ltr'><strong>ipse</strong></span> <span class='ocrx_word' id='word_1_256' title='bbox 370 3659 477 3729; x_wconf 84' lang='lat' dir='ltr'><strong>postea</strong></span> <span class='ocrx_word' id='word_1_257' title='bbox 500 3656 678 3708; x_wconf 87' lang='lat' dir='ltr'><strong>narraturus</strong></span> <span class='ocrx_word' id='word_1_258' title='bbox 702 3655 780 3722; x_wconf 83' lang='lat' dir='ltr'><strong>erat3</strong></span> <span class='ocrx_word' id='word_1_259' title='bbox 805 3646 837 3705; x_wconf 93' lang='lat' dir='ltr'><strong>id</strong></span> <span class='ocrx_word' id='word_1_260' title='bbox 852 3646 935 3725; x_wconf 87' lang='lat' dir='ltr'><strong>quod</strong></span> <span class='ocrx_word' id='word_1_261' title='bbox 959 3665 994 3704; x_wconf 91' lang='lat' dir='ltr'><strong>eo</strong></span> <span class='ocrx_word' id='word_1_262' title='bbox 1010 3665 1132 3724; x_wconf 87' lang='lat' dir='ltr'><strong>quoque</strong></span> <span class='ocrx_word' id='word_1_263' title='bbox 1147 3646 1213 3724; x_wconf 91' lang='lat' dir='ltr'><strong>ipso</strong></span> <span class='ocrx_word' id='word_1_264' title='bbox 1236 3646 1312 3720; x_wconf 90' lang='lat' dir='ltr'><strong>loco,</strong></span> <span class='ocrx_word' id='word_1_265' title='bbox 1329 3667 1420 3726; x_wconf 86' lang='lat' dir='ltr'><strong>quern</strong></span> 
     </span>
     <span class='ocr_line' id='line_1_34' title="bbox 284 3747 1418 3827; baseline -0.001 -17"><span class='ocrx_word' id='word_1_266' title='bbox 284 3750 474 3811; x_wconf 81' lang='lat' dir='ltr'><strong>Christianus</strong></span> <span class='ocrx_word' id='word_1_267' title='bbox 497 3749 715 3827; x_wconf 90' lang='lat' dir='ltr'><strong>Volquardsen</strong></span> <span class='ocrx_word' id='word_1_268' title='bbox 737 3749 777 3808; x_wconf 90' lang='lat' dir='ltr'><strong>ad</strong></span> <span class='ocrx_word' id='word_1_269' title='bbox 793 3748 985 3827; x_wconf 88' lang='lat' dir='ltr'><strong>probandam</strong></span> <span class='ocrx_word' id='word_1_270' title='bbox 1006 3768 1092 3808; x_wconf 91' lang='lat' dir='ltr'><strong>suam</strong></span> <span class='ocrx_word' id='word_1_271' title='bbox 1107 3747 1293 3807; x_wconf 88' lang='lat' dir='ltr'><strong>sententiam</strong></span> <span class='ocrx_word' id='word_1_272' title='bbox 1308 3750 1418 3823; x_wconf 86' lang='lat' dir='ltr'><strong>attulit,</strong></span> 
     </span>
     <span class='ocr_line' id='line_1_35' title="bbox 284 3854 488 3913; baseline -0.01 0"><span class='ocrx_word' id='word_1_273' title='bbox 284 3854 488 3913; x_wconf 88' lang='lat' dir='ltr'><strong>confirmatur.</strong></span> 
     </span>
    </p>

    <p class='ocr_par' dir='ltr' id='par_1_8' title="bbox 283 3947 1421 4438">
     <span class='ocr_line' id='line_1_36' title="bbox 369 3947 1419 4034; baseline -0.003 -21"><span class='ocrx_word' id='word_1_274' title='bbox 369 3953 470 4034; x_wconf 82' lang='lat' dir='ltr'><strong>Oaput</strong></span> <span class='ocrx_word' id='word_1_275' title='bbox 486 3954 568 4013; x_wconf 90' lang='lat' dir='ltr'><strong>enim</strong></span> <span class='ocrx_word' id='word_1_276' title='bbox 591 3953 630 4011; x_wconf 77' lang='lat'><strong>37</strong></span> <span class='ocrx_word' id='word_1_277' title='bbox 652 3951 781 4024; x_wconf 79' lang='lat' dir='ltr'><strong>LXIII,</strong></span> <span class='ocrx_word' id='word_1_278' title='bbox 807 3971 876 4031; x_wconf 89' lang='lat' dir='ltr'><strong>quo,</strong></span> <span class='ocrx_word' id='word_1_279' title='bbox 902 3969 963 4028; x_wconf 89' lang='lat' dir='ltr'><strong>qua</strong></span> <span class='ocrx_word' id='word_1_280' title='bbox 987 3950 1106 4009; x_wconf 88' lang='lat' dir='ltr'><strong>ratione</strong></span> <span class='ocrx_word' id='word_1_281' title='bbox 1123 3947 1302 4011; x_wconf 85' lang='lat' dir='ltr'><strong>Alcibiades</strong></span> <span class='ocrx_word' id='word_1_282' title='bbox 1324 3948 1419 4012; x_wconf 89' lang='lat' dir='ltr'><strong>Phar-</strong></span> 
     </span>
     <span class='ocr_line' id='line_1_37' title="bbox 283 4052 1419 4132; baseline -0.004 -16"><span class='ocrx_word' id='word_1_283' title='bbox 283 4057 434 4117; x_wconf 83' lang='lat' dir='ltr'><strong>nabazum</strong></span> <span class='ocrx_word' id='word_1_284' title='bbox 458 4055 514 4132; x_wconf 89' lang='lat' dir='ltr'><strong>(sic</strong></span> <span class='ocrx_word' id='word_1_285' title='bbox 523 4053 554 4132; x_wconf 76' lang='lat'><strong>1),</strong></span> <span class='ocrx_word' id='word_1_286' title='bbox 579 4075 619 4113; x_wconf 90' lang='lat' dir='ltr'><strong>ne</strong></span> <span class='ocrx_word' id='word_1_287' title='bbox 642 4053 894 4113; x_wconf 85' lang='lat' dir='ltr'><strong>Lacedaemoniis</strong></span> <span class='ocrx_word' id='word_1_288' title='bbox 917 4072 1011 4111; x_wconf 89' lang='lat' dir='ltr'><strong>naves</strong></span> <span class='ocrx_word' id='word_1_289' title='bbox 1034 4052 1147 4111; x_wconf 85' lang='lat' dir='ltr'><strong>auxilio</strong></span> <span class='ocrx_word' id='word_1_290' title='bbox 1170 4053 1316 4126; x_wconf 88' lang='lat' dir='ltr'><strong>mitteret,</strong></span> <span class='ocrx_word' id='word_1_291' title='bbox 1341 4075 1419 4112; x_wconf 92' lang='lat' dir='ltr'><strong>com·</strong></span> 
     </span>
     <span class='ocr_line' id='line_1_38' title="bbox 283 4149 1420 4236; baseline -0.004 -16"><span class='ocrx_word' id='word_1_292' title='bbox 283 4159 427 4230; x_wconf 90' lang='lat' dir='ltr'><strong>moverit,</strong></span> <span class='ocrx_word' id='word_1_293' title='bbox 453 4159 624 4236; x_wconf 86' lang='lat' dir='ltr'><strong>exponitur,</strong></span> <span class='ocrx_word' id='word_1_294' title='bbox 648 4156 696 4214; x_wconf 91' lang='lat' dir='ltr'><strong>his</strong></span> <span class='ocrx_word' id='word_1_295' title='bbox 718 4154 820 4214; x_wconf 87' lang='lat' dir='ltr'><strong>verbis</strong></span> <span class='ocrx_word' id='word_1_296' title='bbox 843 4154 1050 4213; x_wconf 88' lang='lat' dir='ltr'><strong>concluditur:</strong></span> <span class='ocrx_word' id='word_1_297' title='bbox 1075 4149 1155 4216; x_wconf 88' lang='grc' dir='ltr'>Τότε</span> <span class='ocrx_word' id='word_1_298' title='bbox 1176 4153 1233 4230; x_wconf 79' lang='grc' dir='ltr'><strong>μὲν</strong></span> <span class='ocrx_word' id='word_1_299' title='bbox 1260 4151 1320 4216; x_wconf 83' lang='grc' dir='ltr'><strong>οὖν</strong></span> <span class='ocrx_word' id='word_1_300' title='bbox 1336 4155 1420 4231; x_wconf 84' lang='grc' dir='ltr'>τηλι-</span> 
     </span>
     <span class='ocr_line' id='line_1_39' title="bbox 283 4251 1421 4334; baseline -0.002 -13"><span class='ocrx_word' id='word_1_301' title='bbox 283 4258 402 4334; x_wconf 84' lang='grc' dir='ltr'>καύτην</span> <span class='ocrx_word' id='word_1_302' title='bbox 428 4259 495 4320; x_wconf 84' lang='grc' dir='ltr'><strong>τῶν</strong></span> <span class='ocrx_word' id='word_1_303' title='bbox 517 4253 774 4333; x_wconf 80' lang='grc' dir='ltr'>Λακεδαιμονίων</span> <span class='ocrx_word' id='word_1_304' title='bbox 786 4251 961 4332; x_wconf 77' lang='grc' dir='ltr'>ευμμαχίαν</span> <span class='ocrx_word' id='word_1_305' title='bbox 982 4253 1168 4331; x_wconf 86' lang='grc' dir='ltr'>παρείλετο·</span> <span class='ocrx_word' id='word_1_306' title='bbox 1195 4253 1272 4332; x_wconf 85' lang='grc' dir='ltr'>μετὰ</span> <span class='ocrx_word' id='word_1_307' title='bbox 1294 4254 1329 4317; x_wconf 80' lang='grc' dir='ltr'><strong>δέ</strong></span> <span class='ocrx_word' id='word_1_308' title='bbox 1350 4274 1421 4319; x_wconf 89' lang='grc' dir='ltr'>τινα</span> 
     </span>
     <span class='ocr_line' id='line_1_40' title="bbox 286 4355 1421 4438; baseline -0.002 -16"><span class='ocrx_word' id='word_1_309' title='bbox 286 4358 406 4438; x_wconf 87' lang='grc' dir='ltr'>χρόνον</span> <span class='ocrx_word' id='word_1_310' title='bbox 432 4358 539 4436; x_wconf 83' lang='grc' dir='ltr'>τυχὼν</span> <span class='ocrx_word' id='word_1_311' title='bbox 562 4359 618 4433; x_wconf 76' lang='grc' dir='ltr'><strong>τῆ(</strong></span> <span class='ocrx_word' id='word_1_312' title='bbox 633 4355 773 4418; x_wconf 86' lang='grc' dir='ltr'>καθόδου</span> <span class='ocrx_word' id='word_1_313' title='bbox 788 4355 840 4418; x_wconf 86' lang='grc' dir='ltr'><strong>καὶ</strong></span> <span class='ocrx_word' id='word_1_314' title='bbox 861 4355 1027 4434; x_wconf 66' lang='grc' dir='ltr'>δυνάμεως</span> <span class='ocrx_word' id='word_1_315' title='bbox 1047 4355 1260 4437; x_wconf 75' lang='grc' dir='ltr'>ἡγηεάμενοε,</span> <span class='ocrx_word' id='word_1_316' title='bbox 1285 4357 1421 4420; x_wconf 68' lang='grc' dir='ltr'>πολλαῖς</span> 
     </span>
    </p>
   </div>
   <div class='ocr_carea' id='block_1_5' title="bbox 285 4455 1420 4545">
    <p class='ocr_par' dir='ltr' id='par_1_9' title="bbox 285 4455 1420 4545">
     <span class='ocr_line' id='line_1_41' title="bbox 285 4455 1420 4545; baseline -0.005 -18"><span class='ocrx_word' id='word_1_317' title='bbox 285 4463 342 4545; x_wconf 80' lang='grc' dir='ltr'><strong>μὲν</strong></span> <span class='ocrx_word' id='word_1_318' title='bbox 358 4459 469 4542; x_wconf 79' lang='grc' dir='ltr'>μάχαι(</span> <span class='ocrx_word' id='word_1_319' title='bbox 487 4457 605 4536; x_wconf 77' lang='grc' dir='ltr'>ἐνίκηεε</span> <span class='ocrx_word' id='word_1_320' title='bbox 621 4455 890 4534; x_wconf 77' lang='grc' dir='ltr'>Λακεδαιμονίου(</span> <span class='ocrx_word' id='word_1_321' title='bbox 905 4455 955 4520; x_wconf 85' lang='grc' dir='ltr'><strong>καὶ</strong></span> <span class='ocrx_word' id='word_1_322' title='bbox 970 4456 1088 4521; x_wconf 74' lang='grc' dir='ltr'>τελέω(</span> <span class='ocrx_word' id='word_1_323' title='bbox 1103 4457 1142 4520; x_wconf 89' lang='grc' dir='ltr'><strong>τὰ</strong></span> <span class='ocrx_word' id='word_1_324' title='bbox 1157 4459 1223 4521; x_wconf 84' lang='grc' dir='ltr'><strong>τῶν</strong></span> <span class='ocrx_word' id='word_1_325' title='bbox 1245 4455 1420 4536; x_wconf 76' lang='grc' dir='ltr'>Ἀθηναίων</span> 
     </span>
    </p>
   </div>
   <div class='ocr_carea' id='block_1_6' title="bbox 0 0 1631 5108">
    <p class='ocr_par' dir='ltr' id='par_1_10' title="bbox 0 0 1631 5108">
     <span class='ocr_line' id='line_1_42' title="bbox 0 0 1631 5108; baseline 0 0"><span class='ocrx_word' id='word_1_326' title='bbox 0 0 1631 5108; x_wconf 95' lang='lat' dir='ltr'><strong> </strong></span> 
     </span>
    </p>
   </div>
  </div>
 </body>
</html>
