3252 5108
774 299 985 362 ..74-

308 479 409 557 eapite
434 479 472 534 13
495 476 572 536 haee
603 475 742 534 exhibet:
776 469 795 533 ὁ
831 469 887 547 μέν
914 469 1105 549 πρεεβευτὴε
1133 468 1191 532 τόν
1224 466 1347 534 κόλιτον
1382 469 1448 534 ἐπι-

309 575 447 656 δεικνὺε,
478 572 608 637 ἐνταῦθ’
634 572 724 652 ὑμῖν,
753 571 816 650 ἔφη
823 620 833 653 ,
860 569 886 632 ὦ
914 571 1140 650 Καρχηδόνιοι,
1168 570 1219 633 καὶ
1247 571 1304 647 τὴν
1321 569 1449 648 εἰρήνην

308 677 438 740 καὶτὸν
460 675 605 754 πόλεμον
627 674 728 752 φέρω.
759 673 846 751 ὑμεῖς
876 671 909 734 δ’
935 669 1077 749 ὁπότερα
1096 669 1248 751 αἱρείτθε,
1275 670 1395 750 λάβετε.
1419 671 1450 734 οἱ

309 778 341 841 δ’
362 777 500 856 έφαιαν·
535 776 570 840 τὺ
593 777 650 854 μὲν
673 773 743 856 οὖν,
767 773 787 835 ἃ
810 772 918 852 βούλει
942 770 1046 836 δίδου·
1080 771 1311 849 προτείναντος
1334 773 1369 835 δὲ
1391 773 1450 836 τόν

309 878 451 957 πόλεμον
468 877 636 956 έξεβόηιαν
659 874 741 955 ὁμοῦ
763 873 897 950 πάντεε,
920 869 1086 951 δεχόμεθα.

393 1015 559 1074 Praeterea
587 1023 690 1073 autem
718 1033 756 1071 ex
783 1033 845 1070 uno
880 1031 983 1070 eorum
1011 1011 1267 1090 fragmentorum,
1303 1031 1381 1090 quae
1409 1013 1452 1072 ad

309 1117 424 1176 bellum
449 1116 603 1174 Punicum
625 1115 755 1175 alterum
782 1114 953 1190 pertinent,
989 1113 1021 1171 in
1055 1113 1113 1171 hoo
1135 1112 1215 1172 bello
1246 1113 1450 1173 describendo

308 1218 483 1277 Diodorum
505 1237 568 1276 non
592 1235 715 1294 prorsus
732 1214 857 1292 quidem
884 1214 1057 1291 neglexisse
1079 1214 1245 1294 Polybium
1266 1216 1451 1276 concludere

309 1318 397 1378 nobis
418 1319 500 1378 lieet.
535 1317 702 1376 Ennnoiati
725 1317 806 1374 enim
821 1316 911 1392 primi
927 1315 1090 1394 fragmenti
1108 1310 1188 1392 (exo.
1206 1316 1234 1377 d.
1251 1318 1320 1375 virt.
1344 1326 1375 1376 et
1394 1319 1451 1376 vit.

309 1442 340 1498 p.
364 1418 438 1498 569)
463 1419 503 1477 24
531 1420 551 1480 l.
574 1417 700 1478 XXVI:
733 1412 792 1478 οὐκ
818 1411 901 1478 είαεε
927 1414 985 1490 τὴν
1012 1417 1070 1477 τοῦ
1092 1413 1212 1490 ἀνδρόε
1234 1412 1349 1492 ἀρετὴν
1377 1412 1450 1479 ἀνε-

309 1518 505 1596 πιεήμαντον
540 1518 711 1578 subieotum
742 1538 808 1577 esse
839 1513 882 1595 „b
903 1513 1085 1594 Πολύβιο(“
1111 1527 1193 1578 reete
1213 1521 1369 1597 perspexit
1392 1518 1449 1579 Oa-

309 1624 392 1683 rolus
415 1622 555 1681 Mueller.
601 1621 679 1680 Nam
715 1619 866 1699 Polybius
900 1621 931 1677 in
965 1620 1060 1677 altero
1094 1618 1164 1678 libri
1196 1619 1246 1678 XI
1276 1621 1449 1698 fragmento

309 1723 490 1783 Hasdrubal
513 1730 704 1801 quantopere
728 1721 766 1780 de
789 1721 889 1799 patria
916 1722 1069 1792 meruerit,
1094 1720 1285 1798 praedicans,
1309 1721 1450 1780 Diodoro

310 1827 448 1904 exemplo
472 1825 566 1883 fuisse
582 1823 704 1882 videtur
714 1824 746 1880 in
762 1821 924 1881 scribendo
947 1820 1000 1879 illo
1016 1821 1203 1900 fragmento,
1228 1821 1320 1900 quod,
1344 1841 1449 1899 quam-

310 1926 584 2005 quam-Diodorus
618 1945 681 1982 non
715 1945 751 1983 ea
780 1923 955 2000 diligentia,
990 1941 1051 1999 qua
1079 1923 1171 1995 solet,
1202 1922 1327 2002 Polybii
1354 1923 1451 1982 verba

310 2027 457 2087 imitando
493 2027 655 2105 expressit,
691 2034 794 2084 tamen
827 2022 867 2081 ad
888 2021 1053 2101 Polybium
1080 2023 1277 2082 referendum
1307 2043 1387 2096 esse,
1423 2026 1450 2082 ei

309 2131 417 2188 horum
432 2129 613 2207 scriptorum
636 2127 730 2186 verba
752 2127 833 2184 inter
854 2145 888 2184 se
910 2126 1198 2203 comparaverimus,
1223 2126 1394 2204 apparebit.

518 2292 657 2358 Polybius.
1101 2292 1245 2343 Diodorus.

352 2389 543 2473 Ἀεδροάβαε
572 2393 607 2457 δέ
638 2392 688 2456 καὶ
716 2394 774 2457 τὸν
801 2393 864 2470 πρὸ
935 2393 983 2457 ὅτι
1000 2391 1058 2458 οὐκ
1075 2392 1157 2458 εἴαεε
1180 2394 1238 2472 τὴν
1254 2396 1312 2457 τοῦ
1328 2392 1448 2472 ἀνδρόε

308 2496 427 2560 τούτου
442 2493 562 2574 χρόνον
584 2494 634 2558 καὶ
649 2494 728 2557 κατὰ
743 2493 800 2558 τόν
817 2493 864 2558 έε-
893 2494 1009 2572 ἀρετὴν
1025 2496 1105 2574 φημὶ
1121 2496 1159 2573 δὴ
1175 2497 1233 2559 τοῦ
1253 2494 1449 2576 Ἀεδρούβου

218 2601 221 2608 ’
309 2619 409 2677 χατον
437 2596 548 2674 καιρόν
571 2594 652 2680 ἀνὴρ
674 2595 793 2670 ἀγαθόε
814 2615 865 2670 γε·
892 2594 1148 2675 ἀνεπιεήμαντον
1199 2595 1283 2660 άλλά
1335 2618 1446 2677 φηειυ·

310 2700 446 2777 νόμενοε
470 2697 504 2761 ἐν
526 2702 643 2775 χειρῶν
664 2696 755 2780 νόμῳ
776 2696 865 2760 κατέ·
892 2696 932 2776 ἦν
947 2697 1008 2775 γάρ
1024 2696 1092 2761 υίόε
1105 2699 1251 2777 Ἀμίλκου
1265 2702 1324 2762 τοῦ
1342 2699 1448 2776 Βάρκα

309 2820 446 2879 ετρεψεν
462 2800 519 2862 τὸν
536 2799 614 2878 βίον.
645 2799 685 2862 ὃν
702 2798 761 2862 οὐκ
776 2797 864 2864 ἄξιον
891 2799 948 2876 μὲν
978 2797 1231 2878 ἐπικαλουμένου
1247 2835 1296 2863 -.
1326 2800 1445 2863 τούτου

309 2902 564 2978 ἀνεπιεήμαντον
585 2901 785 2977 παραλιπεῖν.
817 2899 864 2962 ὅτι
892 2899 926 2963 δ’
941 2900 987 2964 ὢν
1004 2901 1136 2982 πατρός,
1152 2900 1211 2965 οὐκ
1219 2897 1350 2966 ἀνάξιον
1366 2921 1446 2979 παρ-

311 3005 368 3082 μὲν
389 3001 534 3081 ἀδελφόε
555 2999 595 3078 ἦν
617 3000 764 3080 Ἀννίβου
787 3001 865 3063 κατὰ
891 2999 993 3078 είχετο
1016 3001 1131 3066 ἑαυτὸν
1162 3005 1217 3079 τῆε
1243 3001 1365 3066 ἐκείνου
1391 3001 1446 3066 δό-

310 3105 405 3184 φύειν
421 3102 471 3166 καὶ
486 3101 567 3166 διότι
582 3102 798 3181 χωριζόμενοι
820 3103 864 3165 εἰ(
891 3107 953 3180 inc.
980 3101 1271 3182 Ὁμολογουμένωε
1296 3103 1358 3180 γὰρ
1379 3101 1446 3181 ἄρι-

308 3207 366 3282 τήν
381 3204 513 3268 Ἰταλίαν
525 3203 631 3286 τούτῳ
644 3205 701 3268 τά(
712 3205 792 3268 κατὰ
807 3205 864 3282 τήν
891 3223 961 3268 croc
986 3203 1026 3282 ἦν
1055 3204 1267 3284 ετρατηλάτηε
1292 3203 1446 3270 ἁπάντων

308 3306 441 3385 Ἰβηρίαν
490 3303 618 3381 πράξειε
667 3304 864 3386 ἐνεχείριεεν,
893 3305 1117 3384 Καρχηδονίων
1134 3305 1212 3383 μετὰ
1226 3305 1284 3370 τὸν
1301 3305 1447 3384 ἀδελφόν

308 3410 408 3472 ταῦτα
434 3407 490 3484 μέν
515 3404 590 3483 ἡμῖν
613 3403 740 3483 είρηται.
763 3426 864 3484 παρα·
891 3407 1045 3487 Ἀννίβαν.
1069 3406 1185 3471 διδκαὶ
1199 3411 1264 3471 τῶν
1281 3406 1316 3471 ἐν
1333 3407 1446 3490 Ἰβηρίᾳ

309 3507 447 3585 πληείωι
477 3508 513 3570 δέ
543 3507 593 3570 καὶ
623 3505 702 3570 διότι
731 3510 866 3572 πολλοῑε
892 3509 1058 3587 δυνάμεων
1075 3508 1268 3586 Ἀεδρούβαν
1279 3508 1446 3572 κατέλιπεν

310 3610 366 3688 μέν
379 3607 576 3687 χρηεάμενοτ
589 3608 687 3684 ἀγώει
699 3609 864 3687 πρόεῬω-
892 3609 1047 3688 ἡγεμόνα·
1063 3608 1234 3672 πολλὰιδὲ
1246 3608 1348 3687 μάχαε
1361 3607 1446 3682 ἀγω-

309 3710 432 3790 μαίουι,
449 3712 587 3773 πολλαί(
603 3710 698 3774 δὲκαὶ
709 3712 865 3776 ποικίλαι(
892 3709 1056 3789 νιιάμενοε
1072 3710 1150 3774 κατὰ
1166 3711 1223 3788 τὴν
1246 3708 1377 3789 Ἰβηρίαν
1395 3709 1448 3771 καί

308 3810 500 3890 περιετὰεεει
526 3812 680 3875 παλαίεαι
708 3813 759 3875 διὰ
788 3813 865 3875 τοὺς
892 3812 944 3874 διὰ
971 3813 1092 3875 παντόε
1116 3809 1151 3874 ἐκ
1176 3815 1242 3874 τῶν
1264 3807 1446 3887 ἐλαττωμά-

309 3912 649 3991 ἐτιαποειελλομένουε
680 3912 714 3976 ἐκ
746 3913 864 3990 Καρχη-
892 3932 957 3975 των
970 3909 1204 3991 ἀναλαμβάνων
1217 3911 1273 3974 uic
1286 3909 1446 3991 δυνάμειε,

308 4013 404 4078 δόνοε
418 4012 461 4076 εἰε
472 4012 603 4093 Ἰβηρίαν
613 4014 816 4095 ετρατηγοὺε,
830 4013 864 4077 ἐν
891 4013 1036 4076 πολλούε
1052 4013 1103 4076 καί
1114 4013 1288 4077 παντοίου(
1296 4010 1446 4088 ὑπέμεινε

308 4113 865 4193 πάειτοῑεείρημένοιεκαιροῐεάξίωε
891 4114 1068 4178 κινδύνουε.

308 4216 365 4295 μὲν
393 4221 450 4280 τοῦ
485 4216 606 4294 πατρὸε
635 4215 740 4293 Βάρκα
760 4218 865 4279 καλῶ(

308 4319 343 4382 δέ
356 4317 569 4393 καὶγενναίωε
588 4318 645 4381 τὰε
665 4316 864 4395 περιπετείαε

308 4420 359 4482 καὶ
380 4418 565 4482 ἐλαττώεειε
587 4419 718 4481 διετέλει
741 4419 864 4497 φέρων.
