3252 5108
606 322 880 395 4-29-

363 497 493 556 Latinus
510 495 585 555 silv.
602 497 758 575 regnavit:
964 499 1005 556 50
1027 515 1126 558 annos

363 597 446 657 Alba
468 597 543 657 silv.
671 643 689 672 „
958 600 998 657 39
1064 645 1081 672 ,,

363 700 475 778 Epitus
491 697 566 758 Silv.
669 745 686 772 „
956 701 996 760 26
1062 746 1082 774 „

365 799 468 879 Capys
491 798 567 859 silv.
669 845 687 874 ‚,
957 803 996 861 28
1062 847 1080 874 „

364 899 510 979 Calpetus
533 899 608 960 Silv.
673 947 691 975 „
980 905 998 961 8
1064 946 1082 976 „

362 1001 502 1081 Agrippa
518 1001 595 1062 silv.
671 1048 688 1076 „
958 1003 998 1062 35
1065 1047 1083 1076 ,,

362 1102 503 1162 Amulius
526 1103 601 1162 silv.
672 1149 690 1176 „
962 1105 999 1163 19
1065 1147 1083 1176 ,,

360 1203 513 1264 Aventius
671 1248 690 1277 „
959 1199 999 1263 37
1064 1249 1082 1276 ‚‚

361 1304 475 1364 Procas
671 1349 689 1379 „
959 1305 998 1364 23
1064 1348 1082 1377 „

359 1404 500 1465 Amulius
671 1450 689 1479 „
958 1406 999 1462 42
1064 1449 1082 1480 „

292 1575 455 1647 Romulus,
479 1576 522 1633 ait
536 1574 742 1648 Eusebius,
767 1576 895 1633 Romam
911 1574 1016 1633 condit
1037 1582 1208 1653 regnatque
1222 1577 1351 1655 septima

209 1671 404 1754 Olympiade.
421 1675 516 1734 Porro
529 1675 568 1734 ab
579 1675 689 1735 Aenea
700 1676 740 1735 ad
751 1676 915 1735 Romulum
927 1675 1001 1734 anni
1013 1684 1085 1733 sunt
1093 1673 1348 1749 OCOOXLVIII,
1452 1765 1460 1778 ,

207 1775 245 1834 ab
267 1775 325 1835 Ilio
349 1785 438 1855 capto
461 1786 563 1836 autem
585 1778 660 1836 anni
684 1775 937 1836 OOOOXXXI.“

290 1878 383 1936 Hunc
420 1887 523 1936 autem
560 1878 661 1936 locum
696 1879 864 1956 respiciens
896 1877 1136 1948 Mommsenius,
1178 1877 1231 1955 qui
1269 1887 1351 1936 recte

208 1975 457 2036 GOOOXLVIII
490 1979 686 2037 commutarit
716 1978 749 2036 iu
774 1975 1041 2048 OOCCXXVIII,
1078 1977 1112 2034 in
1147 1977 1348 2038 adnotatione

208 2079 270 2136 294
291 2078 335 2136 sic
356 2078 505 2156 loquitur:

169 2255 171 2261 A
294 2179 374 2251 „431
393 2179 492 2239 Jahre
514 2180 565 2239 bei
579 2179 746 2252 Eusebius,
767 2177 825 2254 (wo
848 2198 909 2236 von
924 2176 1050 2237 Aeneas
1065 2177 1112 2237 bis
1127 2179 1275 2238 Romulus
1298 2201 1348 2239 zu·

208 2287 268 2338 erst
289 2279 373 2352 428,
396 2300 458 2338 von
481 2281 591 2358 Trojas
614 2280 684 2339 Fall
711 2279 758 2338 bis
781 2279 837 2338 aus
856 2278 1003 2337 Romulus
1026 2288 1128 2338 zuerst
1150 2280 1225 2354 431,
1255 2282 1348 2340 nach·

205 2380 261 2439 her
285 2381 343 2438 441
375 2381 498 2459 geztthlt
524 2381 664 2453 werden,
699 2379 773 2439 aber
802 2381 835 2438 in
869 2379 924 2438 der
952 2379 1148 2459 Summirung
1182 2381 1231 2440 die
1256 2383 1349 2442 letzte

206 2481 282 2540 Zahl
314 2481 430 2541 wieder
462 2483 573 2561 richtig
599 2483 644 2541 als
677 2481 736 2541 431
770 2477 904 2558 austritt)
933 2481 966 2538 in
988 2481 1096 2540 Listen
1129 2483 1179 2542 die
1206 2503 1261 2543 aus
1288 2484 1349 2543 den

205 2582 312 2642 frtiher
343 2584 568 2662 mitgetheilteu
604 2582 880 2643 diodoriscben
903 2581 1021 2664 Zahleu
1049 2586 1350 2663 zusammengestellt

204 2683 308 2742 sind.“

288 2785 375 2844 Haec
398 2784 550 2863 quomodo
578 2785 626 2843 vir
654 2784 707 2844 ille
734 2784 960 2843 sollertissimus
989 2784 1090 2844 dicere
1112 2787 1260 2865 potuerit,
1290 2807 1347 2866 ego

205 2907 267 2944 non
289 2886 448 2965 intellego.

287 3002 371 3064 Ante
411 3004 514 3062 omnia
553 3004 635 3063 euim
661 3004 843 3076 Eusebium,
879 3025 947 3064 cum
978 3004 1055 3064 haec
1088 3003 1249 3077 scriberet,
1284 3026 1347 3064 non

204 3105 374 3164 Diodorum
407 3114 479 3164 ante
510 3106 612 3165 oculos
645 3105 787 3164 habuisse
820 3105 894 3164 inde
927 3113 1068 3183 apparet,
1104 3105 1187 3182 quod
1219 3106 1347 3165 Romam

205 3207 301 3284 primo
331 3204 527 3286 Olympiadis
561 3208 708 3286 septimae
743 3226 826 3266 anno
854 3206 1009 3265 conditam
1032 3225 1097 3264 esse
1122 3206 1205 3266 dicit.
1234 3207 1345 3286 Itaque

205 3306 283 3365 nibil
300 3307 385 3366 aliud
400 3309 494 3367 statui
510 3317 611 3387 potest
631 3309 692 3367 nisi
706 3308 780 3381 hoc,
806 3316 859 3367 aut
873 3305 1041 3366 Eusebium
1057 3307 1187 3366 Diodori
1202 3329 1344 3369 numeros

203 3408 243 3467 ad
272 3429 357 3467 suam
385 3409 584 3488 computandi
612 3410 762 3468 rationem
791 3408 1034 3467 accommodasse
1057 3417 1110 3466 aut
1133 3429 1171 3467 ex
1191 3409 1344 3490 Dionysio

201 3509 287 3568 illum
310 3510 411 3568 locum
435 3510 607 3570 desumtum
630 3528 706 3569 esse.
736 3509 788 3568 Ad
810 3508 937 3568 Eusebii
958 3509 1054 3586 ipsius
1077 3511 1275 3586 computandi
1298 3532 1344 3570 ra-

201 3612 316 3671 tionem
344 3619 446 3671 autem
473 3611 550 3670 haec
577 3611 686 3672 referri
714 3615 777 3670 nim
805 3619 935 3689 possunt
966 3608 1036 3667 ideo
1066 3609 1149 3686 quod
1176 3611 1202 3668 is
1225 3610 1263 3669 ab
1285 3611 1344 3669 llio

202 3720 290 3790 capto
312 3731 410 3791 usque
433 3711 474 3772 ad
495 3712 625 3772 Romam
645 3712 801 3771 conditam
823 3732 886 3770 uon
909 3711 979 3782 431,
1004 3709 1059 3768 sed
1082 3710 1143 3768 428
1167 3731 1265 3771 annos
1287 3734 1343 3771 nu·
1366 3713 1369 3718 '

201 3821 297 3872 meret
318 3833 443 3873 necesse
466 3823 525 3874 est.

285 3933 323 3990 Iu
346 3934 500 3992 armeniae
523 3934 605 3992 enim
619 3931 748 3991 Eusebii
762 3932 911 3990 versionis
928 3939 1015 4009 parte
1030 3930 1127 3988 altera
1140 3961 1185 3972 -
1200 3938 1245 3989 est
1260 3933 1343 4010 apud

201 4030 386 4093 Schoenium
424 4035 539 4112 pagina
562 4035 601 4092 52
627 4066 662 4074 -
699 4033 738 4091 ad
766 4052 881 4091 annum
909 4031 947 4090 ab
979 4030 1136 4089 Abraham
1174 4041 1246 4090 nato
1280 4034 1341 4092 835

199 4132 277 4193 haec
298 4133 447 4192 adnotata
469 4141 554 4192 sunt:
579 4134 692 4206 „ilium
715 4142 837 4212 captum
853 4142 883 4192 et
897 4153 916 4191 a
931 4131 1107 4211 captivitate
1122 4131 1174 4190 Ilii
1189 4153 1287 4212 usque
1302 4134 1342 4194 ad

199 4237 327 4314 primam
351 4233 559 4314 olympiadem
580 4237 655 4293 anni
676 4235 771 4294 405.“
809 4233 885 4294 Cum
908 4233 1002 4312 igitur
1023 4233 1192 4292 secundum
1214 4234 1342 4295 Eusebii

200 4336 398 4414 computandi
420 4337 570 4395 rationem
603 4337 717 4415 primus
744 4335 928 4416 olympiadis
954 4336 1069 4414 primae
1093 4355 1192 4394 annus
1215 4338 1255 4395 sit
1279 4337 1341 4395 405

199 4437 237 4496 ab
260 4437 318 4496 Ilio
347 4445 435 4516 capto
465 4458 580 4510 annus,
609 4438 757 4516 septimae
787 4437 970 4517 olympIadis
999 4457 1099 4496 annus
1121 4438 1251 4516 primus,
1280 4457 1340 4515 quo

1100 4537 1136 4588 3*
