3252 5108
1312 245 1374 277 wa

661 325 872 390 „45-

201 500 334 579 aliquem
355 500 534 578 scriptorem
554 498 749 559 referendum
772 520 853 574 esse,
878 501 927 558 oui
949 500 1007 560 bae
1022 500 1107 580 leges
1123 521 1230 579 parum
1252 509 1346 561 notae

201 601 327 661 fuerint:
357 601 400 660 At
421 622 494 661 vero
516 600 648 661 Diodori
669 601 763 661 libros
790 603 907 681 legenti
935 602 972 667 id¹
990 603 1115 683 quidem
1141 602 1227 662 haud
1252 602 1348 661 semel

202 704 346 776 occurrit,
371 704 455 782 quod
469 703 625 763 Diodorus
647 703 725 762 tales
747 723 811 778 res,
835 722 931 785 quae,
954 723 1138 783 quamquam
1159 725 1223 764 non
1239 705 1348 765 eodem

86 840 89 846 ·
200 813 338 883 tempore
361 805 462 864 iactae
490 813 578 878 sunt,
608 814 711 865 tamen
737 805 841 887 aliqua
875 826 913 866 ex
945 816 1033 886 parte
1066 807 1147 866 inter
1173 827 1206 866 se
1238 806 1349 866 cohae-

201 915 285 979 rent,
319 907 363 964 ita
385 916 506 979 narrat,
530 907 620 984 quasi
648 906 757 966 eodem
790 915 927 986 tempore
961 907 1061 966 factae
1094 908 1169 982 sint,
1200 907 1233 968 id
1267 907 1350 986 quod

202 1008 233 1065 iu
257 1027 325 1066 eum
347 1007 462 1081 locum,
488 1007 608 1086 dequo
631 1010 764 1087 agimus,
797 1028 889 1088 quam
910 1010 1040 1068 maxime
1063 1009 1205 1088 quadrat.
1244 1006 1350 1069 Omni·

201 1108 258 1167 bus
283 1110 364 1167 enim
387 1109 448 1168 illis
478 1108 599 1187 legibus
622 1109 655 1168 id
688 1120 756 1170 erat
784 1131 956 1186 commune,
991 1111 1074 1189 quod
1106 1110 1288 1190 spectabant
1310 1111 1349 1170 ad

201 1209 323 1288 plebem
344 1211 481 1289 patriciis
503 1210 707 1290 aequandam.

286 1343 388 1424 Quam
410 1343 448 1404 ob
471 1364 536 1404 rem
556 1345 724 1420 Diodorus,
750 1367 818 1406 cum
841 1348 901 1426 ipsi
931 1346 1085 1406 discordia
1107 1346 1206 1407 civilis
1228 1346 1350 1427 legibus

200 1446 326 1506 tandem
347 1446 476 1506 Liciniis
498 1447 607 1506 sedata
636 1467 703 1508 esse
724 1448 898 1522 videretur,
926 1449 982 1509 has
1010 1449 1140 1509 diversis
1161 1433 1351 1529 temporibi'is
1405 1508 1407 1514 ,

202 1548 280 1606 latas
309 1547 395 1626 leges
423 1549 505 1607 inter
531 1567 564 1606 se
593 1549 761 1608 arctissime
790 1551 960 1609 coniunxit.
995 1551 1135 1630 Eamque
1163 1550 1201 1610 ob
1230 1570 1352 1609 causam

203 1650 260 1709 toti
283 1650 312 1708 ei
340 1649 421 1721 loeo,
454 1667 514 1727 quo
544 1649 583 1708 de
612 1650 711 1727 plebis
734 1671 802 1710 cum
831 1651 969 1731 patribus
998 1651 1248 1713 contentionibus
1277 1653 1348 1730 egit,

201 1751 293 1810 finem
304 1750 448 1830 imposuit
469 1749 519 1809 his
533 1751 650 1811 verbis:
673 1748 740 1828 Τὴν
756 1750 814 1829 μὲν
832 1748 892 1813 οὖν
910 1749 945 1814 ἐν
962 1747 1067 1835 Ῥώμῃ
1080 1748 1184 1815 ετάειν
1199 1749 1348 1828 τοιαύτη(

202 1847 381 1913 collucent
396 1850 504 1927 τυχεῖν
521 1848 643 1928 ευνέβη.

286 1967 329 2030 Hi
357 1971 415 2029 soli
443 1970 508 2029 sere
529 1970 604 2028 mihi
630 1969 777 2031 videntur
800 1991 866 2031 esse
888 1972 963 2045 loci,
993 1973 1026 2031 in
1054 1972 1165 2050 quibus
1195 1974 1348 2053 quispiam
1415 2004 1420 2012 ·

202 2080 311 2151 putare
338 2072 436 2150 possit
463 2069 631 2131 Diodorum
657 2072 751 2132 talem
779 2074 967 2151 excerpsisse
994 2072 1189 2152 scriptorem,
1220 2075 1273 2152 qui
1301 2082 1350 2134 sat

203 2173 319 2232 recenti
341 2180 442 2232 aetate
465 2173 575 2232 vivens
598 2174 642 2232 ita
663 2194 712 2234 res
735 2195 754 2232 a
774 2175 923 2234 Romanis
951 2183 1053 2253 gestas
1077 2174 1287 2253 descripserit,
1316 2185 1351 2235 ut

202 2295 221 2333 a
243 2275 387 2353 primaria
416 2275 601 2334 narrationis
624 2276 730 2334 forma
743 2295 867 2354 prorsus
891 2274 1059 2337 recederet.

286 2393 418 2471 Reliqua
446 2411 534 2465 vero,
563 2410 643 2470 quae
664 2391 821 2452 Diodorus
851 2393 889 2452 de
919 2393 1011 2453 rebus
1040 2414 1059 2453 a
1080 2394 1226 2454 Romanis
1249 2414 1347 2474 usque
1430 2417 1435 2428 ‘-
1480 2407 1483 2414 ’

202 2494 242 2554 ad
264 2493 377 2573 Pyrrhi
399 2501 530 2553 aetatem
547 2494 640 2572 gestis
662 2503 782 2568 narrat,
806 2495 849 2553 ita
864 2502 937 2554 sunt
952 2504 1141 2574 comparata,
1166 2505 1200 2555 ut
1222 2497 1262 2556 ad
1277 2517 1348 2575 per·
1412 2533 1422 2545 ·-

202 2597 362 2674 antiquum
383 2613 484 2654 rerum
507 2596 685 2674 scriptorem
708 2615 745 2655 ea
767 2595 932 2655 referenda
955 2615 1022 2655 esse
1045 2605 1208 2675 appareat,
1239 2597 1347 2676 quales

201 2699 234 2756 in
257 2695 347 2757 rebus
379 2697 526 2756 Romanis
550 2695 761 2756 describendis
775 2685 817 2756 'se
840 2696 1016 2756 adhibuisse
1044 2697 1111 2776 ipse
1133 2696 1291 2759 Diodorus
1314 2700 1347 2758 in

200 2798 272 2858 libri
294 2799 385 2878 primi
407 2799 507 2877 capite
523 2806 632 2876 quarto
655 2797 729 2858 dicit
755 2797 802 2856 bis
824 2797 942 2857 verbis:
965 2793 1067 2859 udtuc
1089 2794 1147 2859 τὰς
1161 2799 1217 2874 τῆ(
1231 2796 1347 2876 ἡγεμο-

201 2895 270 2961 νία(
298 2895 415 2973 ταύτης
452 2895 506 2976 (sc.
540 2898 608 2961 τῶν
637 2893 816 2977 Ῥωμαίων)
856 2895 985 2974 πράξειε
1027 2894 1162 2976 ἀκριβῶς
1191 2897 1347 2978 ἀνελάβο-

200 3017 259 3074 μεν
275 2996 310 3062 ἐκ
331 3002 396 3063 τῶν
413 2995 494 3078 παρ’
508 2995 641 3063 ἐκείνοις
658 2995 897 3080 ὑπομνημάτων
918 2998 953 3062 ἐκ
962 2999 1097 3064 πολλῶν
1105 2999 1239 3079 χρόνων
1261 3021 1348 3079 τετη-
1451 3057 1455 3065 .

202 3098 357 3179 ρημένων.

287 3221 369 3281 Satis
406 3223 489 3282 enim
533 3230 652 3282 constat
691 3223 918 3300 antiquissimos
945 3222 1153 3281 Romanorum
1185 3222 1347 3301 scriptores

202 3343 309 3401 regum
331 3323 456 3402 quidem
477 3332 615 3402 tempora
637 3331 778 3383 accurate
806 3324 980 3401 etcopiose
1004 3322 1215 3401 descripsisse,
1244 3324 1348 3402 priora

202 3445 275 3484 vero
298 3425 414 3484 liberae
430 3425 615 3501 reipublicae
630 3424 754 3484 saecula
769 3424 924 3484 levissime
947 3433 978 3484 et
999 3424 1177 3485 brevissime
1200 3425 1346 3502 perstrin-

201 3527 293 3586 xisse.
325 3526 395 3603 Quo
417 3535 520 3585 autem
542 3527 669 3606 propius
685 3527 718 3585 in
739 3525 903 3586 scribendo
919 3526 959 3587 ad
974 3547 1030 3586 sua
1052 3528 1187 3605 ipsorum
1209 3534 1347 3604 tempora

202 3626 404 3701 accedebant,
436 3648 472 3688 eo
501 3626 665 3687 dilucidius
693 3636 724 3688 et
751 3627 888 3707 planius,
925 3646 985 3706 quo
1015 3645 1156 3706 quaeque
1183 3645 1231 3687 res
1261 3636 1347 3707 gesta

202 3737 283 3790 esset
303 3729 409 3803 modo,
434 3738 465 3789 et
487 3729 700 3808 exponebatur
721 3738 753 3788 et
775 3729 954 3808 apparebat.

285 3849 327 3908 Et
348 3848 486 3929 profecto
509 3867 633 3928 prorsus
664 3849 729 3908 fere
763 3846 871 3908 eadem
903 3849 980 3908 ratio
1010 3857 1057 3908 est
1078 3868 1196 3921 eorum,
1226 3866 1346 3926 quasa

201 3950 340 4010 Diodoro
364 3950 402 4009 de
424 3950 514 4009 rebus
536 3951 744 4010 Romanorum
766 3959 939 4010 narrantur.
980 3950 1019 4009 In
1048 3949 1240 4030 exponendis
1264 3951 1346 4010 enim

201 4052 292 4112 rebus
316 4072 334 4111 a
355 4050 478 4130 regibus
513 4054 607 4130 gestis
635 4050 791 4112 Diodorus
818 4061 906 4112 tanta
933 4053 1029 4111 utitur
1057 4051 1253 4131 copiositate,
1282 4061 1346 4112 tam

201 4162 342 4216 accurate
371 4162 401 4212 et
424 4152 590 4232 diligenter
611 4154 661 4213 vel
684 4154 822 4232 singulas
845 4173 893 4214 res
917 4152 1075 4227 describit,
1098 4161 1133 4213 ut
1148 4152 1206 4212 hoc
1222 4153 1346 4233 quidem

200 4258 267 4316 loco
290 4277 308 4314 a
324 4262 470 4315 consueta
497 4274 553 4313 sua
575 4255 762 4333 excerpendi
783 4256 902 4316 ratione
924 4255 1088 4316 abhorrere
1116 4254 1267 4316 videatur.
1302 4257 1346 4314 At

201 4367 362 4437 postquam
396 4357 600 4436 Tarquinium
635 4357 795 4435 expulsum
829 4377 895 4418 esse
923 4359 1075 4432 narravit,
1105 4359 1252 4418 uoniam
1284 4376 1345 4436 qua

1100 4453 1139 4508 4*
