3252 5108
661 329 871 394 -39-

203 525 272 562 eum
308 499 378 579 περὶ
413 499 757 578 θαλαςςοκρατούντων
791 504 948 581 scripsisse
972 503 1065 577 dicit,
1086 502 1219 564 Carolus
1242 503 1338 562 Mucl-

200 600 290 682 lar-²⁹)
314 613 441 684 propter
463 612 638 683 temporum
660 606 794 664 rationes
817 605 952 682 negavit.

285 722 505 782 Verumtamen
527 742 627 801 neque
655 742 715 802 quo
731 743 813 781 anno
829 721 937 782 Castor
957 721 1068 781 librum
1088 743 1175 783 suum
1197 723 1336 792 ediderit,
1410 701 1415 714 ⁸

201 842 301 901 neque
323 842 383 902 quo
406 844 487 882 anno
509 824 639 883 Diodori
659 822 845 883 bibliotheca
860 826 892 882 in
913 824 1011 882 lucem
1026 825 1188 903 prodierit,
1213 824 1336 898 scimus3

201 924 452 982 verisimillimum
473 933 574 982 autem
597 934 657 999 est,
682 924 839 984 Castorem
854 933 984 984 excunte
1000 935 1109 1004 quarta
1123 925 1237 982 saeculi
1250 925 1338 1000 primi
1418 907 1427 916 ⁸

201 1033 273 1082 ante
297 1023 451 1084 Christum
474 1033 580 1084 natum
603 1025 718 1085 decade
747 1025 889 1084 chronica
916 1046 971 1084 sua
994 1026 1140 1097 edidisse,
1171 1045 1238 1083 cum
1260 1025 1334 1082 Dio-

202 1125 309 1182 dorum
331 1126 422 1184 etiam
444 1126 585 1203 Augusto
609 1135 759 1204 regnante
781 1127 897 1186 Rornae
919 1128 1015 1186 fuisse
1038 1135 1167 1186 constet.

286 1225 419 1284 Castoris
435 1247 528 1304 opera
550 1247 568 1284 a
591 1226 688 1287 Suida
710 1227 757 1285 his
780 1227 881 1286 verbis
904 1236 1190 1287 commemorantur:

283 1339 406 1418 ἔγραψε
424 1341 459 1403 δὲ
475 1338 666 1421 ἀναγραφὴν
680 1343 875 1422 Βαβυλῶνος
887 1342 1015 1405 καὶτῶν
1028 1341 1337 1419 θαλοςςοκρατηςάν-

198 1461 263 1504 των
280 1440 314 1503 ἐν
332 1441 462 1519 βιβλίοις
479 1441 515 1523 β’,
531 1443 664 1520 χρονικὰ
680 1442 866 1521 ἀγνοήματα
881 1444 930 1506 καὶ
945 1443 1019 1520 περὶ
1034 1442 1286 1520 ἐπιχειρημάτων
1302 1443 1337 1506 ἐν

199 1541 330 1620 βιβλίοις
345 1539 372 1604 θ’
394 1540 458 1624 (ε’),
474 1543 547 1619 περὶ
568 1546 698 1608 πειθοῦς
714 1535 750 1625 β’,
765 1545 838 1622 περὶ
853 1547 911 1607 τοῦ
929 1543 1059 1626 Νείλου,
1080 1543 1195 1622 τέχνην
1211 1542 1335 1622 ῥητορι-

198 1641 452 1720 mmmm

281 1763 319 1820 In
347 1762 394 1821 his
422 1772 524 1822 autern
552 1765 640 1823 titulo
669 1759 840 1842 ἀναγραφὴ
868 1763 1062 1842 Βαβυλῶνος
1087 1785 1149 1824 non
1183 1766 1337 1844 peculiare

197 1883 288 1942 opus,
312 1863 368 1922 sed
390 1873 508 1942 partem
530 1865 740 1945 chronicorum
763 1866 892 1925 indicari
915 1875 996 1925 reete
1024 1867 1182 1944 perspexit
1210 1865 1337 1926 Carolus

197 1965 336 2024 Mueller.
365 1961 537 2041 ἀναγραφὴ
554 1968 636 2025 enim
657 1981 702 2026 est
724 1967 880 2044 catalogus
902 1967 951 2025 vel
966 1967 1073 2040 index,
1098 1967 1204 2044 quales
1226 1968 1337 2026 multos

199 2064 411 2144 Sicyoniorum
438 2067 624 2145 Argivorum
658 2068 787 2126 aliorum
819 2088 924 2146 regum
951 2067 1104 2127 Eusebius
1138 2087 1176 2126 ex
1204 2066 1337 2126 Castoris

199 2166 348 2224 chronicis
371 2167 548 2245 depromsit.
576 2169 695 2229 Eodem
718 2177 819 2228 autem
841 2170 907 2228 iure
930 2189 999 2228 eum
1021 2168 1143 2227 titulum
1166 2163 1336 2244 ἀναγραφὴ

201 2301 237 2308 -
254 2263 384 2329 καὶτῶν
399 2266 761 2344 θαλαςςοκρατηςάντων
783 2291 846 2328 non
873 2271 914 2329 ad
942 2270 1128 2349 peculiarem
1148 2267 1260 2328 librum
1282 2269 1337 2329 sed

198 2368 237 2428 ad
260 2369 402 2429 chronica
424 2372 578 2448 pertinere
601 2371 675 2430 mihi
697 2371 805 2432 videor
832 2372 943 2432 dicere.
974 2370 1077 2449 Atque
1104 2370 1181 2430 haec
1204 2369 1337 2430 Castoris

197 2469 354 2543 chronica,
385 2491 464 2550 quae
492 2492 531 2531 ex
558 2473 695 2533 Eusebio
708 2466 746 2550 30)
783 2493 848 2531 sex
874 2472 986 2532 libris
1015 2472 1188 2530 constitisse
1216 2472 1334 2544 scimus,

197 2571 327 2630 Mueller
349 2572 387 2632 ab
411 2593 446 2631 eo
469 2572 547 2631 libro
578 2593 669 2652 quem
693 2573 804 2633 Suidas
827 2572 961 2649 χρονικὰ
981 2569 1168 2645 ἀγνοήματα
1188 2574 1334 2644 nominat,

198 2672 417 2750 distinguenda
440 2694 508 2733 esse
530 2683 642 2752 putans
665 2672 798 2749 χρονικὰ
821 2675 874 2732 illa
897 2669 1084 2747 ἀγνοήματα
1107 2673 1194 2750 quasi
1216 2672 1335 2731 chroni-

197 2795 299 2833 eorum
321 2775 508 2847 mantissam,
532 2776 565 2833 in
588 2795 649 2854 qua
672 2795 788 2834 errores
810 2775 959 2852 quosdam
982 2774 1211 2852 chronologicos
1234 2795 1334 2834 emen·

197 2875 324 2949 daverit,
356 2875 451 2934 fuisse
474 2883 592 2950 censet,
621 2876 655 2936 id
681 2874 765 2955 quod
792 2877 866 2936 mihi
888 2877 1012 2955 quidem
1039 2897 1146 2955 parum
1173 2877 1336 2934 verisimile

196 2978 322 3036 videtur
337 2997 414 3037 esse.

282 3094 358 3155 Cum
381 3097 487 3175 igitur,
517 3103 551 3154 ut
579 3095 619 3154 ad
641 3096 813 3178 Diodorum
839 3097 1014 3169 redeamus,
1045 3097 1098 3155 ille
1121 3095 1217 3154 iudex
1238 3116 1334 3172 popu-

195 3195 293 3255 lorum
329 3198 405 3256 mari
432 3197 654 3256 dominantium
688 3219 727 3258 ex
748 3198 884 3258 Castoris
907 3198 1058 3256 chronicis
1082 3196 1258 3274 depromtus
1285 3199 1332 3269 sit,

196 3299 228 3354 in
252 3298 463 3376 componendo
485 3297 677 3357 Albanorum
699 3319 806 3378 regum
829 3300 967 3377 catalogo
990 3316 1112 3377 quoque
1137 3297 1294 3356 Castorem
1317 3319 1335 3356 a

195 3398 333 3458 Diodoro
356 3398 525 3458 adhibitum
548 3400 613 3458 essia
641 3401 829 3480 putabimus,
857 3400 890 3458 id
917 3400 999 3478 quod
1021 3401 1238 3458 Mommsenius
1261 3419 1333 3476 quo-

196 3520 255 3577 que
272 3501 425 3580 opinatur.

281 3619 400 3696 Quodsi
415 3619 570 3677 Diodorus
594 3620 727 3680 indicem
749 3621 833 3679 illum
857 3641 873 3680 e
891 3618 1027 3678 Castoris
1049 3618 1198 3676 chronicis
1221 3617 1332 3692 hausit,

197 3718 306 3780 Castor
332 3721 460 3780 Romam
496 3722 586 3780 tertio
618 3721 802 3801 olympiadis
837 3731 941 3780 sextae
975 3740 1057 3778 anno
1085 3720 1238 3778 conditam
1267 3741 1333 3779 esse

195 3823 336 3880 statuerit
357 3842 483 3881 necesse
511 3832 567 3886 est.
597 3824 713 3883 Verum
736 3824 817 3882 enim
839 3843 921 3895 vero,
950 3824 1113 3900 quominus
1136 3822 1167 3881 id
1190 3823 1333 3880 statuisse

197 3922 353 3982 Castorem
375 3933 526 4001 putemus,
551 3925 673 3984 obstare
695 3925 818 3984 videtur
835 3925 895 3982 hoc
910 3922 1045 3983 Castoris
1068 3924 1272 4001 fragmentum
1295 3923 1333 3982 ab

194 4023 330 4082 Eusebio
340 4018 378 4101 31)
403 4035 630 4086 conservatum:

278 4124 436 4198 „Castoris
460 4128 498 4186 de
520 4142 616 4205 regno
637 4127 858 4186 Romanorum:

195 4245 395 4252 ——-—-—

261 4292 305 4357 ⁴29)
323 4293 472 4357 fragmenta
490 4292 616 4356 chronog.
636 4307 722 4356 graec.
741 4311 766 4359 p.
786 4297 841 4344 180.

261 4375 491 4442 30)Euseb.1c.
510 4380 541 4427 41
560 4377 674 4427 Zohrab.
695 4395 719 4442 p.
740 4381 795 4428 195.

261 4461 304 4527 31)
322 4461 421 4512 Euseb.
439 4463 453 4511 I
471 4479 493 4512 c.
513 4465 555 4512 48.
