3252 5108
661 333 869 397 ...41-

284 507 334 567 Ex
354 510 405 582 iis,
436 527 515 587 quae
542 508 643 568 adhuc
672 507 839 587 disputavi,
868 527 936 566 oum
957 507 1128 567 Diodorum
1149 505 1340 567 Albanorum

200 629 306 687 regum
327 609 461 670 indicem
484 629 500 669 e
524 608 658 669 Castoris
681 608 831 669 chronicis
860 608 1042 668 desumsisse
1064 616 1226 686 appareat,
1250 608 1341 668 sacile

200 710 232 768 in
255 729 323 769 eam
345 711 531 770 sententiam
558 709 749 784 inclinamus,
779 710 824 768 uti
846 709 914 768 aliis
937 728 1058 788 quoque
1085 708 1160 768 locis
1184 708 1341 768 Castorem

199 810 378 869 aDiodoro
411 809 582 871 adhibitum
610 831 676 870 esse
704 819 854 890 putemus.
884 810 1102 870 Mommsenius
1123 829 1196 870 vero
1219 818 1341 888 praeter

199 911 372 989 catalogum
393 912 479 970 illum
501 920 532 971 et
558 912 637 991 regii
663 912 784 991 imperii
811 931 962 970 annorum
988 931 1134 971 summam
1156 911 1218 967 244
1242 929 1258 970 e
1282 908 1339 970 Ca·

198 1021 280 1070 store
302 1012 469 1091 quidquam
492 1033 510 1071 a
531 1013 670 1072 Diodoro
699 1014 731 1071 in
760 1011 850 1071 rebus
871 1012 1080 1072 Romanorum
1101 1011 1263 1071 narrandis
1287 1010 1338 1070 de·

199 1120 349 1190 promtum
383 1133 449 1173 esse
484 1122 587 1192 negat.
618 1114 738 1174 Iniuria
764 1147 802 1155 -
829 1133 960 1174 nemea
984 1113 1122 1192 quidem,
1158 1130 1237 1190 quae
1263 1113 1337 1171 Dio-

199 1214 289 1272 dorus
324 1213 362 1272 de
394 1215 600 1274 Romanorum
628 1215 752 1293 regibus
776 1222 894 1288 narrat,
925 1215 968 1273 ita
989 1222 1062 1273 sunt
1088 1222 1276 1291 comparata,
1305 1221 1339 1271 ut

198 1313 315 1374 duobus
328 1323 411 1374 certe
432 1315 506 1375 locis
529 1315 700 1376 Diodorum
728 1315 929 1376 recentiorem
957 1313 1074 1374 sontem
1096 1312 1273 1373 adhibuisse
1292 1314 1336 1372 vi-

197 1416 334 1476 deamus.

284 1518 403 1595 Quarto
434 1520 517 1578 enim
538 1518 609 1577 libri
632 1518 733 1578 octavi
755 1518 926 1596 fragmento
935 1511 974 1595 32)
1004 1524 1158 1589 narratur,
1188 1535 1256 1575 cum
1277 1517 1337 1574 Ro·
1408 1585 1411 1588 p

199 1618 298 1678 mulus
321 1628 352 1678 et
373 1620 487 1678 Romus
510 1620 721 1699 auspicarent,
750 1619 912 1679 Romulum
935 1619 1060 1677 fratrem
1082 1617 1191 1676 fraude
1214 1624 1245 1676 et
1268 1617 1337 1676 dolo

200 1719 367 1798 decepisse.

282 1836 320 1896 Id
330 1846 433 1898 autem
443 1858 507 1898 uon
525 1837 566 1898 ad
577 1837 708 1898 Fabium
722 1839 884 1910 Pictorem,
906 1857 944 1896 cx
961 1856 1021 1916 quo
1033 1836 1250 1895 Mommsenius
1262 1837 1324 1895 Dio

200 1937 307 1996 dorum
329 1939 432 1998 omnia
447 1939 649 2016 depromsisse
671 1947 773 2016 putat,
797 1956 877 2016 quae
899 1937 939 1998 ad
953 1939 1107 1997 Romanas
1130 1939 1337 2016 resentiquis-

199 2039 276 2095 sima
287 2037 454 2115 pertinent,
476 2039 673 2099 referendum
689 2059 754 2098 esse
769 2039 843 2098 iude
858 2039 1060 2116 cognoscitur,
1075 2038 1157 2116 quod
1172 2039 1279 2098 Livius
1287 2033 1336 2118 33),

201 2156 292 2215 quem
307 2138 339 2196 in
355 2138 507 2217 prioribus
522 2138 608 2199 libris
623 2159 697 2218 prae
713 2140 821 2200 ceteris
844 2138 1041 2218 scriptoribus
1056 2137 1187 2198 Fabium
1202 2148 1338 2199 secutum

199 2257 265 2296 esse
281 2247 401 2298 constet
409 2233 458 2317 31),
478 2239 563 2299 illam
579 2240 860 2300 Romuli-fraudem
872 2259 934 2300 nou
951 2247 1164 2299 commemorat
1175 2247 1206 2299 et
1217 2239 1337 2320 Diony-

197 2332 308 2416 sius³⁵)
333 2359 455 2419 quoque
478 2348 570 2418 atque
592 2336 838 2419 Plutarchus³⁰),
868 2341 922 2420 qui
949 2350 980 2400 et
1009 2341 1068 2418 ipsi
1090 2341 1123 2398 in
1146 2341 1336 2419 antiquis-

198 2440 303 2499 simis
330 2441 537 2501 Romenorum
565 2441 655 2502 rebus
683 2443 845 2503 narrandis
872 2462 1018 2501 summam
1045 2441 1137 2501 fidem
1158 2440 1256 2501 Fabio
1284 2441 1336 2501 ha·

197 2539 300 2600 buisse
315 2542 469 2616 videntur,
493 2543 625 2604 afferunt
646 2564 721 2604 sane
744 2545 828 2604 illam
842 2543 965 2602 Romuli
988 2542 1137 2614 fraudem,
1162 2542 1217 2602 sed
1239 2543 1283 2601 ita
1304 2551 1338 2601 ut

198 2650 290 2702 antea
312 2644 490 2703 curatione
517 2665 582 2704 rem
607 2644 796 2718 describant,
826 2664 888 2722 qua
914 2643 1022 2702 Livius
1050 2643 1160 2716 utitur,
1191 2652 1222 2703 et
1249 2645 1338 2703 alteri

197 2744 367 2803 narrationi
389 2765 441 2805 eos
463 2766 526 2805 non
548 2746 676 2805 multum
697 2745 769 2806 fidei
790 2745 904 2804 babere
927 2751 1085 2822 appareat.

280 2862 447 2922 Praeterea
469 2862 627 2924 Castorem
648 2883 667 2922 a
688 2863 825 2924 Diodoro
848 2861 1021 2922 adhibitum
1048 2882 1114 2922 esse
1137 2862 1170 2921 in
1193 2883 1229 2922 eo
1251 2873 1335 2942 puto,

197 2963 281 3039 quod
307 2963 463 3024 Diodorus
491 2965 620 3025 Remum
642 2985 742 3024 muros
769 2965 1009 3026 transsilientem
1031 2984 1049 3023 a
1073 2962 1181 3023 Celere
1204 2965 1337 3043 quodam

200 3059 239 3142 (ᾧ
267 3059 371 3142 ὄνομα
396 3061 437 3141 ἦν
465 3062 613 3144 Κέλεροε)
642 3066 838 3126 interfectum
866 3087 932 3127 esse
962 3067 1045 3125 dicit.
1075 3065 1182 3124 Livius
1191 3059 1229 3143 ³⁷)
1256 3067 1337 3124 euim

197 3183 215 3222 a
247 3165 377 3225 Romulo
410 3168 476 3246 ipso
508 3169 639 3227 Remum
672 3169 805 3228 occisum
832 3188 898 3228 esse
937 3175 1051 3226 narrat.
1103 3165 1208 3243 Atque
1238 3165 1335 3225 Dion-

198 3266 283 3344 ysius
291 3260 330 3345 38)
349 3275 379 3326 et
392 3267 575 3329 Plutarchus
584 3265 630 3347 ³⁹)
648 3269 744 3328 altero
769 3269 890 3328 demum
911 3269 978 3327 loco
995 3266 1136 3327 Celerum
1159 3267 1210 3326 vel

198 3364 338 3427 Celerem
359 3368 456 3428 Remo
477 3390 586 3430 manus
615 3371 754 3430 intulisse
777 3371 922 3442 afferunt,
952 3387 1044 3448 quam
1066 3369 1273 3428 narrationem
1296 3369 1336 3428 ad

196 3571 398 3581 —-..--—-

250 3704 307 3770 .32)
325 3705 357 3756 111
375 3679 525 3756 indicandis
544 3704 754 3769 fragmentorum
771 3704 888 3754 numeris
911 3701 939 3754 C.
958 3700 1116 3752 Muellerum
1141 3706 1249 3753 secutus
1268 3719 1335 3764 sum,

196 3791 243 3856 qui
260 3791 290 3840 in
307 3789 420 3839 Diodori
437 3789 554 3840 editione
571 3789 685 3839 Parisiis
703 3805 775 3840 anno
797 3789 824 3838 h.
842 3790 909 3838 s.44
926 3794 1022 3853 parete
1044 3787 1195 3852 fragmenta
1220 3787 1335 3850 singulis

196 3874 272 3925 libris
291 3875 414 3924 inseruit.

264 3956 306 4022 33)
324 3957 351 4020 1,
371 3960 396 4009 7.
