3252 5108
748 265 959 328 ...78...

364 441 473 518 Neque
496 459 569 498 vero
593 440 716 499 silentio
745 438 1049 525 praetermittendum
1079 447 1124 498 est
1147 440 1351 518 fragmentum
1373 440 1423 500 IX

282 539 360 616 (exo.
395 542 425 600 d.
447 542 515 601 virt.
550 550 581 599 et
613 542 667 599 vit.
691 561 721 619 p.
745 540 819 612 571,
843 537 918 616 572)
958 539 1142 598 simillimum
1171 535 1244 600 assa
1266 543 1359 620 capiti
1381 543 1420 602 59

282 645 346 703 eius
369 641 452 714 libri,
476 662 536 721 quo
560 642 598 701 de
621 641 703 702 ballo
725 640 912 700 Annibalico
937 643 999 718 egit
1021 640 1196 721 Appianas,

501 757 616 822 Appian.
908 751 911 760 ¹
1089 756 1202 806 Diodor.

324 857 421 923 αὐτὸς
437 859 472 922 δὲ
496 857 514 921 δ
535 858 679 937 Ἀννίβα(
693 857 770 920 τοὺς
787 877 836 920 ςυ-
907 857 1050 937 Ἀννίβας
1059 857 1329 937 ςυγκαλεςάμενος
1345 861 1423 923 τοὺς

284 960 554 1038 ετματευομένους
576 958 607 1024 οἱ
626 963 691 1023 τῶν
708 959 836 1022 Ἰταλῶν
865 958 1045 1037 ςυμμάχους
1068 958 1229 1036 έδήλωςεν
1253 961 1297 1024 ὡς
1324 959 1423 1036 ἀναγ-

284 1060 389 1125 ἔντειθε
404 1063 539 1125 πολλαῖς
555 1060 764 1139 ὑπόςχεςινές
779 1061 836 1137 τὴν
865 1059 956 1124 καῑόν
978 1059 1061 1124 ἐςτιν
1094 1059 1194 1124 αὐτὸν
1221 1064 1367 1138 διαβῆναι
1389 1062 1422 1125 ἐς

283 1161 400 1242 Λιβύην
417 1160 504 1244 αὑτῷ
520 1167 751 1239 ςυςτρατεῦςαι.
789 1161 840 1224 καὶ
865 1159 981 1239 Λιβύην
998 1161 1049 1224 καὶ
1070 1161 1190 1225 ἔδωκεν
1206 1161 1350 1226 ἐξουςίαν
1366 1162 1423 1225 αὐ-

285 1262 410 1327 τοίιτων
427 1261 523 1342 οἱμὲν
532 1261 675 1338 είποντο,
689 1261 762 1326 οἷδ’
778 1261 840 1326 rbi<-
865 1267 930 1326 τῶν
946 1264 1013 1325 τοῖς
1035 1263 1244 1341 βουλομένοις
1269 1262 1355 1346 αὐτῷ
1371 1285 1423 1327 ςυ-

285 1384 375 1428 νοιιν.
421 1361 569 1441 ἀθροίςας
620 1362 680 1428 οὖν
724 1363 836 1428 τούςδε
867 1363 1056 1442 ςτρατεύειν.
1094 1362 1175 1427 ένιοι
1205 1366 1262 1443 μὲν
1293 1363 1422 1430 είλοντο

286 1466 363 1529 τοὺς
393 1465 565 1544 ὑπομένειν
596 1463 764 1531 ἀξιοῦντας
784 1485 839 1528 πε-
866 1467 923 1543 τὴν
940 1465 1010 1543 μετ’
1026 1465 1172 1544 Ἀννίβου
1186 1453 1337 1544 διάβαςιν,
1353 1471 1423 1530 τοῖς

284 1566 422 1646 ριέετηςε
436 1567 495 1644 τὴν
512 1567 657 1645 ςτρατιὰν
686 1565 840 1646 ὡπλιςμέ-
868 1565 901 1628 δ’
929 1564 1101 1643 ἡδομένοις
1121 1573 1159 1650 τῇ
1180 1565 1215 1630 ἐν
1233 1566 1346 1650 Ἰτάλίᾳ
1367 1589 1424 1645 μο-

285 1688 344 1744 νην
374 1665 471 1745 ἄφνω
501 1667 551 1732 καὶ
580 1668 752 1744 προςέταξε
772 1671 841 1731 τοῖς
867 1673 906 1750 νῇ
933 1667 1118 1745 περιςτήςας
1148 1669 1206 1744 τὴν
1234 1668 1368 1746 δύναμιν
1385 1671 1423 1733 τὸ

285 1769 375 1832 ἰδίοις
391 1767 582 1845 ἀνδράποδα
603 1768 768 1850 ἐξαύτῶν,
784 1767 841 1832 ὅςα
868 1769 925 1845 μὲν
956 1774 1087 1845 πρῶτον
1121 1770 1188 1832 τοῖς
1219 1771 1425 1846 ςτρατιώταις

286 1853 444 1949 θέλουςιν,
459 1869 667 1934 ἐπιλέξαςθαι.
684 1869 760 1933 τοὺς
776 1871 841 1932 λοι-
868 1860 970 1934 έδωιςε
986 1868 1142 1951 ἐξουςίαν,
1158 1867 1186 1932 εί
1197 1890 1268 1932 τινα
1278 1872 1425 1950 βούλοιν-

287 1970 370 2035 ποὺς
385 1969 605 2048 κατηκόντιςεν
618 1969 766 2035 ἅπαντας
776 1971 842 2034 έπι-
869 1992 907 2034 το
925 1971 957 2036 ἐξ
972 1969 1080 2035 αὐτῶν
1103 1971 1274 2050 λαμβάνειν
1291 1976 1424 2053 δοῦλον,

283 2072 462 2153 κατέςφαξε
483 2073 519 2135 δὲ
534 2071 644 2136 αὐτοῖς
658 2071 709 2134 καὶ
722 2070 842 2136 ἵππους
869 2073 945 2135 τοὺς
984 2073 1019 2135 δὲ
1057 2072 1190 2136 λοιποὺς
1230 2073 1426 2151 κατέςφαξεν

289 2173 322 2237 ἐς
351 2174 615 2251 τετρακιςχιλίους
645 2173 696 2236 καὶ
719 2176 842 2251 πλῆθος
870 2172 990 2250 ἄνδρα(
1003 2174 1061 2252 μὲν
1076 2173 1159 2251 πρὸς
1174 2174 1426 2256 διςμυρίους,ίπ-

289 2274 481 2350 ὑποζυγίων.
870 2294 953 2338 που(
965 2273 1283 2352 δέπερίτριςχιλίουε
1297 2277 1427 2341 καὶτῶν

720 2460 721 2463 ¹
872 2373 1055 2450 ὑποζυγίων
1067 2374 1282 2454 ἀναρίθμητον
1294 2379 1427 2453 πλῆθος.

371 2481 556 2558 Fragmenta
578 2478 642 2538 VII
671 2477 748 2557 (exo.
779 2481 809 2539 d.
831 2483 900 2541 virt.
924 2490 954 2539 et
975 2480 1029 2538 vit.
1053 2501 1080 2558 p.
1105 2481 1181 2552 571,
1205 2477 1278 2557 572)
1302 2499 1426 2560 quoque

290 2601 370 2660 quae
387 2582 424 2640 de
441 2581 636 2660 Sophonisba
652 2590 682 2640 st
697 2581 876 2641 Massinissa
891 2589 1069 2654 narrantur,
1094 2602 1162 2641 num
1184 2582 1222 2640 iis
1244 2592 1427 2660 congruunt,

288 2701 367 2762 quae
389 2682 472 2761 apud
494 2682 671 2761 Appianum
695 2683 727 2740 in
749 2683 948 2754 Punicorum,
972 2701 1052 2760 quas
1074 2690 1234 2754 vocantur,
1265 2685 1365 2762 capita
1388 2686 1427 2742 27

289 2791 421 2843 exstant.
437 2783 582 2862 Denique
594 2785 723 2843 interea
734 2783 837 2854 verba,
853 2784 962 2861 quibus
973 2783 1129 2842 Diodorus
1142 2785 1317 2843 Plumminii
1328 2785 1429 2845 scelus

246 2919 248 2924 ·
290 2883 435 2945 describit
459 2885 536 2960 (exc.
561 2884 591 2943 d.
614 2885 683 2944 virt.
707 2892 737 2942 st
751 2883 805 2942 vit.
829 2903 858 2961 p.
876 2885 946 2955 570,
963 2883 1037 2960 571)
1062 2893 1093 2944 st
1115 2906 1160 2957 ea,
1185 2886 1296 2964 quibus
1312 2885 1429 2966 Appia-

258 2975 259 2980 *
290 3005 348 3045 nus
371 2985 411 3045 ad
434 2985 620 3044 narrandam
643 2985 773 3044 eandem
800 3004 863 3043 rem
885 2985 994 3057 utitur,
1024 2985 1158 3064 aliquam
1185 2995 1266 3046 carte
1289 2988 1429 3047 similitu-

291 3088 394 3147 dinem
410 3107 475 3146 esse
492 3094 633 3165 apparet,
653 3104 837 3164 quamquam
853 3086 992 3166 Appiani
1014 3089 1149 3146 narratio
1172 3097 1219 3147 ast
1240 3087 1428 3148 brevissima.
1460 3083 1462 3086 ’

356 3185 472 3252 Appian.
489 3185 550 3235 bell.
568 3185 666 3235 Annib.
685 3199 707 3233 ο.
726 3185 766 3234 55.
1097 3186 1208 3241 Diodor.

331 3269 507 3349 Πλημίνιος
528 3268 657 3347 ἑςύληςε
673 3268 781 3345 λήγων
797 3269 849 3332 καὶ
915 3269 1090 3348 Πλημίνιος
1106 3269 1182 3333 τοὺς
1197 3273 1252 3346 τῆς
1267 3271 1430 3352 Φεοςεφό-

292 3373 329 3436 τὸ
356 3374 411 3447 τῆς
433 3368 640 3449 Φερςεφόνης
664 3368 762 3447 ἱερόν.
798 3369 849 3434 καί
873 3390 930 3448 νηε
960 3373 1137 3449 θηςαιιροὺς
1167 3373 1350 3438 ἀναςπάςας
1379 3375 1432 3437 καὶ

290 3473 386 3536 τόνδε
415 3473 472 3550 μὲν
495 3471 644 3548 Ῥωμαῖοι
674 3472 752 3549 μετὰ
780 3473 846 3535 τῶν
874 3473 912 3536 τὰ
934 3472 1078 3552 χρήματα
1098 3475 1233 3552 ςυλήεας
1259 3473 1430 3551 ἀπήνεγκε.

291 3572 558 3652 ςυναμαρτόντων
606 3571 694 3655 αὐτῷ
738 3572 844 3651 φίλων
872 3573 891 3654 β
915 3579 932 3636 7
955 3572 999 3638 εἰς
1020 3576 1055 3637 δ“ε
1080 3576 1204 3654 Ῥώμην
1228 3575 1429 3653 ἀπαχθέντος

292 3675 476 3755 διέφθειραν
503 3673 538 3738 έν
572 3679 617 3758 τῷ
644 3673 846 3755 δεςμωτηρίω
873 3675 1116 3754 τοῡΠλημινίου
1132 3681 1249 3741 τοῦτον
1266 3675 1429 3755 ἡςύγκλη-

291 3779 343 3841 καὶ
366 3777 424 3840 τὰς
442 3774 623 3852 περιουςίας
645 3774 753 3839 αὐτῶν
776 3774 847 3838 έδο-
873 3797 932 3840 τος
953 3776 985 3840 ές
1006 3778 1152 3856 φυλακὴν
1181 3778 1335 3859 ἀπέθετο,
1357 3778 1433 3840 καθ’

292 3899 348 3943 ςαν
358 3877 494 3954 Λοκροῖς
504 3875 536 3940 ές
549 3877 606 3940 τὸν
622 3877 781 3955 θηςαυμὸν
793 3879 848 3954 τῆς
874 3877 913 3954 ἣν
944 3877 1044 3942 αὐτὸν
1088 3882 1269 3957 τελευτῆςαι
1304 3879 1431 3957 ςυνέβη·

292 3983 368 4043 θεοῦ
390 3978 510 4058 φέρειν.
541 3976 599 4040 δ’ςα
625 3977 658 4040 δ’
672 3975 755 4042 ἄλλοι
775 3976 846 4040 έδύ-
875 3979 934 4056 τὴν
950 3979 985 4042 δὲ
1007 3977 1117 4044 οὐςίαν
1139 3979 1240 4044 αὐτοῦ
1261 3980 1431 4058 καθιέρωςε

292 4088 391 4146 ναντο
411 4084 477 4144 τῶν
502 4076 726 4143 ἀπολωλότων
748 4076 839 4142 ἀνευ·
875 4081 926 4144 καὶ
945 4081 986 4144 τὰ
1005 4081 1281 4158 προςελλςίποντα
1301 4087 1366 4147 τῶν
1389 4080 1431 4146 ἱε-

296 4181 407 4259 ρόντες
418 4181 455 4244 τὸ
479 4183 592 4244 λεῖπον
608 4179 643 4243 ἑκ
664 4183 723 4244 τοῦ
738 4183 850 4244 κοινοῦ
877 4183 1117 4259 μοευληθέντων
1134 4184 1304 4262 χρημάτων
1325 4183 1359 4247 ἐκ
1374 4187 1432 4247 τοῦ

294 4286 387 4362 ςφῶν
418 4280 561 4361 ταμιείου
583 4287 621 4364 τῇ
647 4287 710 4362 θεῷ
736 4279 850 4360 προςέ-
877 4283 1028 4361 δημοςίοιι
1049 4287 1219 4362 προςθείςα
1240 4289 1277 4366 τῇ
1300 4288 1363 4367 θεῷ
1379 4305 1433 4348 κα-

294 4387 396 4449 θεςαν.
878 4383 1035 4462 θιέρωςεν.
