3252 5108
674 342 882 406 „35-

214 523 279 576 erat
307 517 345 576 ab
374 518 431 575 llio
461 527 549 596 capto
587 538 686 576 annus
715 517 785 589 433,
827 536 917 595 quem
952 539 1109 576 numerum
1137 519 1291 578 Diodorus
1319 519 1351 577 in

216 619 385 695 fragmento
408 619 460 676 illo
485 618 618 677 exhibet.

298 736 520 814 Apollodorum
535 744 636 795 autem
648 756 802 809 narrasse,
826 737 954 796 Romam
969 738 1065 796 altero
1081 739 1229 815 septimae
1246 736 1350 816 Olym-

213 837 312 914 piadis
335 857 417 896 anno
440 837 594 896 conditam
617 858 697 909 esse,
722 859 761 896 ex
781 838 828 896 his
845 838 963 897 duobus
977 839 1053 897 loeis
1069 839 1213 898 cernitur.
1244 838 1351 898 Cicero

213 939 350 996 enimin
374 939 437 997 eius
458 937 542 1010 libri,
567 959 627 1017 quo
652 939 690 998 de
712 939 869 1017 republica
892 941 969 1021 egit,
1004 942 1099 1018 partis
1126 940 1251 999 alterius
1285 961 1350 1018 sap.

213 1039 244 1096 X
277 1039 354 1098 haec
386 1039 478 1098 dicit:
513 1040 613 1111 „Nam
644 1041 685 1113 si,
726 1039 758 1098 id
792 1040 875 1118 quod
914 1039 1148 1101 Graecorum
1186 1042 1350 1119 investiga·

213 1148 262 1197 tur
290 1140 508 1212 annalibus
533 1141 630 1200 Roma
658 1141 782 1199 condita
805 1151 851 1200 est
884 1143 1019 1201 secundo
1053 1163 1134 1202 anno
1168 1143 1352 1221 olympiadis

213 1241 374 1318 septimae,
410 1241 442 1299 in
475 1241 506 1299 id
529 1241 683 1301 saeculum
706 1242 817 1300 cecidit
832 1243 954 1301 Romuli
971 1253 1069 1316 aetaS,
1095 1265 1162 1303 oum
1177 1245 1236 1302 iam
1258 1244 1352 1322 plena

214 1341 344 1401 Graecia
359 1351 518 1420 poetarum
541 1351 570 1402 et
592 1343 774 1402 musicorum
798 1354 889 1416 esset,
921 1345 1080 1423 minorque
1104 1345 1216 1404 fabulis
1239 1345 1297 1402 nisi
1314 1345 1351 1403 de

195 1443 366 1502 'veteribus
393 1443 482 1502 rebus
515 1444 681 1503 haberetur
708 1445 794 1503 fides.
838 1446 918 1504 Nam
949 1456 1071 1505 centurn
1104 1454 1134 1506 et
1163 1455 1229 1505 octo
1263 1446 1351 1504 annis

210 1554 370 1623 postquam
391 1546 551 1624 Lycurgus
583 1546 668 1624 leges
700 1546 833 1605 scribere
869 1547 1015 1618 instituit,
1050 1547 1148 1625 prima
1177 1548 1277 1626 posita
1307 1555 1352 1605 est

211 1646 375 1724 olympias,
400 1667 491 1725 quam
511 1647 634 1725 quidem
651 1647 782 1705 nominis
805 1667 907 1706 errore
930 1647 967 1707 ab
992 1648 1100 1707 eodem
1115 1648 1257 1728 Lycurgo
1281 1669 1351 1706 con-

209 1747 345 1805 stitutam
366 1750 508 1826 putans.
1284 1737 1288 1740 ’

294 1864 398 1943 Atque
419 1875 516 1925 totum
538 1867 620 1924 hunc
641 1869 742 1925 locum
759 1867 798 1926 ad
814 1867 1036 1945 Apollodorum
1059 1888 1124 1927 esse
1154 1849 1349 1928 referendum

212 1987 250 2024 ex
271 1966 385 2025 ultimis
407 1967 508 2026 verbis
525 1968 691 2025 certissime
707 1969 869 2045 colligitur.
901 1968 938 2026 ln
961 1968 1175 2047 Porphyriano
1200 1972 1281 2030 enim
1297 1971 1350 2028 ali-

212 2087 272 2144 quo
292 2068 362 2148 loco
379 2067 416 2126 ab
432 2067 567 2126 Eusebio
591 2078 769 2128 conservato
781 2069 1005 2146 Apollodorum
1020 2069 1058 2127 ab
1075 2070 1132 2129 Ilio
1150 2079 1238 2149 capto
1254 2091 1351 2149 usque

213 2168 252 2226 ad
281 2169 416 2247 Lycurgi
445 2178 577 2228 aetatem
599 2171 658 2228 299
685 2169 738 2246 (50
759 2168 798 2246 -Ι-
821 2173 862 2230 80
883 2169 921 2247 -l-
946 2169 1019 2247 159)
1050 2192 1147 2230 annos
1176 2193 1351 2231 numerasse

212 2279 475 2346 commemoratum
507 2271 587 2330 inter
609 2272 735 2349 primam
761 2280 863 2330 autem
892 2272 1098 2351 olympiadem
1127 2283 1156 2332 et
1184 2275 1275 2332 Ilium
1303 2296 1350 2332 ca-

212 2380 296 2449 ptum
331 2370 538 2449 Apollodorus
572 2394 639 2431 oum
672 2381 804 2432 sumeret
833 2393 899 2432 esse
932 2395 1030 2432 annos
1058 2375 1134 2447 407,
1165 2396 1183 2432 a
1216 2377 1351 2455 Lycurgi
1433 2436 1434 2442 ,

212 2480 313 2530 aetate
350 2493 447 2551 usque
486 2473 525 2532 ad
541 2476 680 2552 'primam
713 2474 920 2553 olympiadem
953 2496 1051 2534 annos
1084 2479 1256 2536 numeravit
1293 2480 1350 2536 108

64 2593 71 2600 α
123 2615 125 2620 .
213 2571 581 2649 (ase÷1os=4or).

295 2710 383 2768 Alter
405 2718 507 2768 autern
529 2710 628 2780 locus,
659 2729 697 2766 ex
724 2728 784 2786 quo
808 2710 936 2766 Romam
963 2709 1058 2766 altero
1085 2711 1232 2788 septimae
1256 2714 1350 2792 olym·

211 2811 311 2889 piadis
327 2830 409 2869 anno
428 2829 494 2868 esse
517 2809 673 2868 conditam
690 2809 827 2868 docuisse
850 2792 1072 2889 Apollodorum
1086 2813 1227 2884 cernitur,
1253 2824 1352 2874 exstat

212 2913 294 2990 apud
310 2897 451 2972 Solinum
472 2910 492 2969 l.
516 2911 542 2969 I.
562 2932 588 2969 c.
605 2912 660 2969 27:
684 2909 814 2982 „Cincio
830 2912 957 2970 Romam
974 2912 1153 2971 duodecima
1177 2914 1351 2994 olympiade

211 3011 313 3090 placet
335 3013 503 3084 conditam,
534 3012 649 3071 Pistori
678 3021 793 3108 octava,
817 3013 932 3093 Nepoti
963 3022 994 3072 et
1021 3015 1144 3073 Lutatio
1175 3017 1351 3093 opinionem

212 3115 423 3174 Eratosthenis
451 3121 482 3173 et
502 3114 686 3192 Apollodori
708 3115 975 3192 comprobantibus
999 3116 1182 3194 olympiadis
1204 3118 1351 3194 septimae

212 3236 293 3275 anno
317 3215 485 3274 secundo.“
522 3217 666 3295 Denique
690 3235 726 3274 ea
748 3235 869 3294 quoque
899 3237 945 3287 re,
969 3216 1109 3273 utillum
1131 3237 1289 3275 numerum
1311 3220 1351 3278 ad

212 3316 434 3395 Apollodorum
455 3317 634 3388 referamus,
660 3307 897 3388 commovemur,
927 3316 1009 3394 quod
1033 3317 1057 3375 is
1081 3338 1116 3374 ea
1137 3326 1236 3377 aetate
1265 3320 1350 3392 vixit,

212 3438 272 3496 qua
295 3416 333 3474 ab
349 3417 446 3476 Roma
469 3417 593 3475 condita
615 3437 711 3496 usquc
734 3417 774 3476 ad
796 3438 883 3496 reges
905 3417 1047 3496 expulsos
1070 3439 1088 3476 a
1110 3440 1210 3478 rerum
1225 3423 1350 3498 scripto-

212 3518 294 3576 ribus
315 3519 493 3596 plerumque
516 3538 613 3576 annos
636 3520 696 3576 243
720 3527 893 3578 numeratos
917 3539 982 3578 esse
1009 3520 1083 3577 satis
1106 3528 1234 3578 constat.

296 3636 362 3693 Iam
384 3656 456 3694 vero
480 3635 518 3694 ad
534 3635 725 3695 Albanorum
748 3657 853 3714 regum
869 3637 1015 3708 indicem,
1041 3636 1079 3695 de
1102 3639 1238 3716 quoiam
1260 3661 1351 3718 supra

213 3738 433 3815 disputavimus
449 3745 653 3810 transeuntes,
672 3760 710 3796 ex
724 3758 858 3816 quonam
872 3738 1019 3816 scriptore
1035 3760 1104 3798 eum
1119 3742 1262 3818 petiverit
1278 3743 1350 3800 Dio-

213 3839 318 3910 dorus,
342 3858 534 3918 quaeremus.

297 3956 367 4034 Qua
389 3957 421 4015 in
444 3959 623 4035 quaestione
645 3966 680 4016 ut
695 3967 777 4016 certo
794 3958 995 4018 fundamento
1012 3960 1157 4032 nitamur,
1183 3960 1259 4019 haec
1280 3971 1352 4020 sunt

212 4058 358 4137 imprimis
374 4059 580 4136 respicienda,
606 4061 735 4138 primum
746 4035 836 4118 illum
852 4059 985 4118 indicem
1007 4069 1113 4119 octavo
1132 4054 1252 4121 demum
1268 4063 1350 4122 urbis

211 4160 333 4220 saeculo
357 4159 440 4238 apud
462 4161 624 4238 scriptores
646 4163 794 4234 inveniri,
826 4161 939 4220 deinde
963 4182 1032 4221 eum
1060 4163 1099 4222 ad
1124 4163 1257 4224 Graecos
1279 4168 1349 4224 scri·

212 4345 414 4354 .—.-——-

279 4479 322 4544 21)
341 4479 454 4530 Zohrab.
472 4496 497 4545 p.
517 4480 574 4530 139.
