3252 5108
669 311 879 400 7-47*

291 485 394 564 Atque
410 486 532 558 Livius,
557 487 609 564 qni
632 487 745 544 factum
768 487 821 558 sit,
850 494 884 544 ut
907 486 990 546 Galli
1011 489 1138 546 Romam
1161 488 1346 562 obsiderent,

208 607 365 665 exponens
389 585 532 646 Clusinos
561 587 634 645 dicit
655 588 861 646 Romanorum
888 588 1036 648 auxilium
1064 589 1246 667 implorasse
1265 589 1347 648 ideo·

207 709 267 767 que
288 689 407 766 legatos
430 709 448 746 a
462 696 572 748 senatu
595 689 634 747 ad
649 687 755 747 Gallos
771 689 876 747 missos
900 709 983 762 esse,
1008 690 1061 768 qui
1078 690 1184 751 Gallos
1208 691 1348 750 iuberent

209 790 314 849 Clusio
337 788 501 848 abstinere.

291 942 447 1002 Diodorus
469 962 542 1000 vero
566 939 709 1001 Clusinos
731 942 858 1001 Romam
890 943 1008 1001 misisse
1031 942 1183 1015 homines,
1220 945 1273 1022 qui
1295 966 1345 1003 au-

206 1039 313 1102 xilium
334 1051 477 1122 peterent
499 1063 562 1101 non
585 1051 807 1116 commemorat,
831 1043 886 1102 sed
908 1044 1087 1102 aRomanis
1108 1045 1227 1122 legatos
1244 1044 1347 1105 Gallo-

207 1165 273 1204 rum
310 1143 570 1204 observandorum
607 1163 699 1203 causa
731 1164 797 1203 esse
829 1145 935 1203 missos
972 1144 1056 1204 dicit.
1106 1145 1230 1204 Deinde
1264 1147 1346 1204 solus

206 1245 361 1304 Diodorus
389 1253 530 1305 senatum
552 1244 705 1304 studuisse
722 1244 881 1304 Gallorum
903 1246 979 1304 iram
1000 1247 1132 1324 pecunia
1153 1246 1263 1305 sedare
1279 1268 1347 1306 nar-

206 1355 262 1406 rat.
292 1347 508 1406 Diversissime
537 1364 673 1425 quoque,
703 1347 825 1423 qualem
852 1366 885 1404 se
913 1354 987 1404 tunc
1015 1345 1191 1424 praebuerit
1212 1356 1347 1420 senatus,

207 1448 399 1508 describitur.
428 1448 509 1507 Nam
531 1448 638 1506 Livius
660 1456 800 1506 senatum
823 1455 918 1505 totam
946 1467 1009 1506 rem
1040 1447 1079 1506 ad
1103 1449 1250 1527 populum
1272 1451 1347 1509 reie-

206 1552 282 1609 cisse
304 1557 421 1623 narrat,
445 1549 601 1608 Diodorus
624 1557 734 1621 autem,
752 1567 935 1626 quamquam
950 1556 1075 1608 senatus
1091 1550 1258 1609 tradendos
1281 1571 1347 1610 esse

206 1651 274 1709 illos
296 1651 438 1722 iuvenes,
463 1651 634 1728 quicontra
657 1651 703 1709 ius
719 1651 858 1728 gentium
872 1648 1026 1722 fecissent,
1051 1650 1219 1723 censuerit,
1244 1661 1346 1711 tamen

205 1753 238 1811 id
266 1753 379 1812 factum
401 1772 464 1810 non
488 1769 556 1810 esse
580 1751 671 1823 dicit,
702 1751 774 1829 quia
801 1751 923 1809 comitia
950 1760 1079 1830 rogante
1112 1761 1198 1830 patre
1226 1752 1347 1812 illorum

205 1854 365 1926 iuvenum,
389 1854 442 1931 qui
474 1860 548 1911 tunc
570 1853 670 1930 ipsum
691 1851 833 1911 tribunus
860 1852 991 1912 militum
1019 1854 1172 1912 consulari
1195 1862 1346 1934 potestate

205 1955 313 2026 fuerit,
338 1954 415 2014 illud
437 1962 562 2014 senatus
585 1954 741 2013 decretum
764 1954 883 2013 irritum
906 1974 972 2014 esse
994 1955 1158 2014 voluerint.

289 2107 355 2165 Iam
376 2125 449 2164 vero
473 2107 567 2183 ipsam
591 2125 726 2183 pugnam
754 2105 794 2164 ad
816 2103 930 2164 Alliam
957 2106 1069 2166 flumen
1099 2107 1211 2166 factam
1234 2107 1345 2166 descri-

205 2206 313 2266 bentes
341 2207 373 2264 in
403 2206 539 2266 diversas
567 2215 670 2285 partes
695 2205 857 2265 discedunt
880 2207 912 2264 in
935 2227 986 2280 eo,
1017 2208 1114 2285 quod,
1146 2229 1213 2267 cum
1239 2209 1346 2268 Livius

204 2309 433 2367 tumultuarium
454 2309 661 2367 Romanorum
684 2308 849 2366 exercitum
872 2309 1024 2382 nominet,
1047 2309 1203 2368 Diodorus
1227 2331 1346 2370 omnem

205 2394 318 2488 pubeln
340 2409 486 2468 adscitam
510 2429 575 2469 esse
599 2409 736 2487 exponit.

286 2562 412 2622 Deinde
434 2581 540 2640 pugna
562 2561 692 2620 adversa
725 2561 808 2620 facta
830 2561 936 2620 Livius
960 2559 1067 2620 Gallos
1101 2561 1210 2621 eodem
1233 2561 1283 2622 die
1306 2563 1346 2622 ad

203 2666 331 2723 Romam
362 2682 538 2741 progressos
570 2663 747 2739 insequenti
780 2681 835 2738 per
873 2670 994 2740 apertas
1033 2670 1136 2740 portas
1170 2663 1202 2720 in
1239 2662 1346 2724 urbem

202 2767 332 2825 intrasse
348 2773 466 2840 narrat3
491 2765 580 2823 immo
596 2782 669 2822 vero
685 2772 793 2841 quarto
809 2771 878 2842 post
893 2782 1029 2841 pugnam
1044 2764 1156 2824 factam
1171 2765 1221 2824 die
1237 2764 1344 2825 Gallos

204 2868 235 2925 in
258 2866 365 2925 urbem
392 2867 522 2924 intrasse
551 2864 625 2924 dicit
646 2863 817 2936 Diodorus,
846 2873 1008 2943 postquam
1035 2865 1153 2926 clausas
1182 2875 1285 2946 portas
1313 2869 1344 2927 vi

203 2969 390 3047 effregerint.
435 2966 606 3026 Diodorum
644 2974 746 3025 antem
786 2966 898 3026 rectius
938 2967 1027 3026 Livio
1065 2975 1184 3047 tempus
1221 2977 1344 3028 notasse

204 3079 234 3130 et
262 3090 306 3134 ,ex
343 3090 376 3128 re
413 3070 480 3147 ipsa
512 3077 543 3129 et
576 3088 614 3128 ex
647 3068 715 3127 aliis
749 3066 953 3147 compluribus
987 3077 1126 3128 veterum
1163 3070 1344 3148 scriptorum

202 3171 384 3231 testimoniis
418 3179 556 3248 apparet.
598 3168 747 3250 Polybius
781 3171 864 3228 enim
895 3171 928 3229 in
951 3171 1076 3229 alterins
1107 3169 1179 3228 libri
1212 3190 1278 3250 cap.
1304 3173 1342 3230 18

202 3268 300 3346 τριεὶν
321 3268 450 3347 ἡμέραι(
481 3267 613 3347 ὕετερον
635 3271 691 3346 τῆς
711 3265 812 3346 μάχη(
843 3269 949 3330 Gallos
971 3269 1078 3330 urbem
1100 3271 1230 3330 intrasse
1254 3272 1341 3349 dicit3

202 3373 383 3434 Plutarchus
407 3392 528 3452 quoque
550 3374 583 3431 in
607 3371 728 3432 Camilli
750 3392 817 3449 cap.
841 3372 880 3428 22
902 3371 979 3431 haec
993 3371 1095 3446 habet,
1119 3370 1205 3454 τρίτῃ
1229 3369 1261 3435 δ’
1277 3369 1342 3434 ἀπὸ

201 3476 257 3550 τῆ(
271 3471 373 3551 μάχη(
393 3471 494 3554 ἡμέρᾳ
514 3473 620 3549 παρῆν
642 3469 832 3552 ὁΒρέννοε,
856 3473 989 3552 denique
1009 3474 1136 3533 Verrius
1159 3475 1287 3535 Flaccus
1310 3477 1342 3534 in

203 3575 298 3637 Gellii
319 3585 400 3635 noct.
423 3584 479 3636 att.
500 3575 568 3635 libr.
585 3577 613 3635 V
629 3597 695 3654 cap.
721 3577 758 3632 17
781 3583 851 3654 post
872 3574 952 3634 diem
974 3575 1097 3634 tertium
1120 3575 1181 3634 diei
1195 3576 1342 3636 Alliensis

201 3681 328 3738 Romam
350 3700 369 3738 a
392 3677 488 3738 Gallis
511 3686 630 3756 captam
654 3697 720 3738 esse
743 3684 965 3736 commemorat.

285 3831 395 3908 Neque
416 3850 488 3889 vero
504 3828 619 3907 Livius
634 3836 664 3887 et
678 3829 833 3887 Diodorus
848 3828 929 3887 inter
943 3848 976 3888 se
992 3831 1189 3889 consentiunt
1209 3833 1242 3889 in
1258 3833 1341 3891 exitu

200 3934 281 3992 illius
298 3931 456 3992 Gallorum
471 3930 675 4008 expeditionis
690 3929 860 4005 narrand03
885 3952 956 3990 nam
978 3932 1108 4008 primum
1119 3931 1225 3991 Livius
1242 3932 1340 3993 Comi-

201 4035 286 4093 nium
307 4033 464 4092 Plotiuum
492 4034 524 4091 in
548 4032 725 4110 capitolium
746 4031 921 4092 ascendisse
946 4031 1019 4091 dicit
1041 4052 1076 4091 eo
1100 4033 1242 4106 consiliu,
1267 4045 1301 4094 ut
1323 4057 1341 4094 a

200 4144 310 4194 senatu
331 4134 454 4194 veniam
471 4133 591 4193 Camilli
612 4133 708 4192 exulis
730 4133 876 4193 exercitui
899 4134 1099 4212 praeficiendi
1120 4138 1339 4215 6616161016-

202 4237 294 4297 dorus
316 4235 561 4295 ν616Ρ16111111111
584 4235 614 4294 id
645 4235 744 4314 egisse
766 4244 883 4309 narrat,
907 4245 941 4296 ut
958 4235 1142 4315 Capitolium
1163 4239 1339 4298 tenentibus

200 4336 521 4417 solatium'praeberet
536 4345 566 4396 61
582 4337 697 4397 auxilia
711 4338 912 4416 promitteret.
943 4338 1077 4399 Omnino
1102 4348 1203 4401 autem
1220 4339 1341 4401 Camilli

202 4442 357 4501 dictatoris
373 4440 529 4500 Diodorus
551 4440 738 4498 mentionem
760 4459 824 4498 non
846 4439 921 4499 facit
939 4460 1041 4520 neque
1057 4473 1096 4482 -
1112 4441 1144 4501 id
1167 4441 1249 4519 quod
1272 4463 1338 4522 gra·
