3252 5108
681 258 864 324 -5-

201 435 312 496 foedus
335 433 508 494 tricennale
523 441 677 512 gestarum
693 454 723 512 p.
739 431 772 512 8)
798 434 1033 508 demonstravit,
1057 435 1228 495 Diodorum
1252 435 1345 515 olym-

201 537 330 618 piadum
358 556 457 596 annos
486 555 550 594 non
579 535 653 594 inde
676 557 694 595 a
716 535 817 594 media
845 544 962 596 aestate
991 537 1086 596 seda
1115 537 1217 598 media
1247 538 1346 596 hieme

198 658 373 698 numerare.
415 636 508 715 Quod
524 637 578 716 qui
593 644 693 708 tenet,
719 637 842 696 minime
858 638 891 696 in
909 658 946 697 ea
963 639 1145 711 differentia,
1163 658 1243 717 quae
1266 639 1348 697 inter

199 740 334 799 Diodori
365 747 395 824 et
427 737 622 816 Thucydidis
655 746 794 816 tempora
828 747 940 812 exstat,
976 739 1122 798 offendet.
1171 739 1239 817 Quo
1272 758 1345 798 vero

201 841 368 901 dilucidius
397 847 565 918 appareat,
598 858 705 898 revera
734 839 817 898 illam
848 839 1056 918 olympiadum
1085 834 1346 901 numerandarum

200 944 354 1002 rationem
382 940 422 1000 ad
449 939 621 999 Diodorum
648 941 748 1018 ipsum
776 961 842 1000 esse
870 942 1080 1014 referendam,
1116 963 1151 1002 eo
1185 944 1251 1020 ipso
1279 941 1346 1000 loco

200 1053 291 1116 utar,
315 1062 375 1121 quo
398 1042 665 1121 Volquardsenius
692 1044 877 1102 eontrarium
909 1043 1039 1121 probare
1066 1045 1191 1106 studuit.
1231 1043 1346 1102 Diodo-

201 1166 254 1205 rus
284 1145 365 1203 enim
393 1145 413 1202 l.
430 1143 513 1201 xm
541 1163 629 1221 capp.
658 1145 699 1202 80
728 1152 759 1203 et
781 1145 818 1203 81
845 1142 1116 1223 Carthaginienses
1151 1166 1233 1204 anno
1256 1145 1345 1204 tertio

203 1239 390 1326 olympiadis
423 1245 641 1322 nonagesimae
674 1245 783 1304 tertiae
819 1242 882 1319 (Ol.
916 1247 970 1318 93,
1007 1245 1038 1322 3)
1072 1246 1346 1324 Agrigentinorum

201 1349 309 1408 urbem
349 1356 380 1407 et
412 1347 548 1424 coepisse
588 1344 728 1405 obsidere
767 1354 797 1404 et
835 1367 890 1425 per
929 1356 995 1406 octo
1034 1368 1153 1407 meuses
1193 1347 1347 1406 obsessam
1442 1393 1447 1407 ,

203 1446 316 1524 μικρὸν
332 1445 395 1522 πρὸ
413 1446 469 1520 τῆ(
492 1447 669 1522 χειμερινῆῑ
689 1447 812 1520 τροπῆς
827 1468 1020 1527 expugnasse
1049 1453 1165 1510 narrat.
1202 1449 1299 1527 Atqui
1321 1450 1347 1507 si

203 1551 278 1611 inde
307 1572 326 1610 a
348 1551 508 1627 χειμερινῇ
535 1550 639 1628 τροπῇ
667 1549 687 1607 i.
712 1567 738 1606 e.
768 1569 786 1608 a
813 1568 917 1608 mense
945 1549 1109 1609 Decembri
1137 1559 1203 1608 octo
1227 1570 1346 1610 menses

203 1661 428 1731 computamus,
454 1649 493 1709 ad
509 1650 624 1708 Maium
640 1649 705 1709 fere
720 1669 856 1709 mensem
877 1652 1087 1729 pervenimuS,
1112 1671 1170 1730 quo
1187 1673 1346 1731 oppugna·

202 1755 245 1813 tio
268 1752 434 1831 Agrigenti
461 1754 571 1828 coepta
599 1751 646 1808 sit.
678 1750 788 1828 Itaque
811 1752 981 1824 Diodorus,
1004 1754 1030 1811 si
1052 1762 1228 1813 consuetam
1252 1755 1345 1834 olym·

203 1849 331 1934 piadum
354 1852 611 1912 numerandarum
635 1851 785 1910 rationem
807 1862 928 1912 secutus
952 1863 1045 1927 esset,
1078 1856 1179 1915 dicere
1204 1854 1344 1927 debebat,

204 1955 477 2033 Carthaginienses
500 1953 596 2014 altero
620 1944 804 2032 olympiadis
821 1956 860 2012 93
884 1975 965 2014 anno
989 1957 1126 2035 coepisse
1143 1957 1347 2035 Agrigentum

204 2057 361 2128 obsidere,
386 2075 449 2114 non
471 2054 570 2113 tertio.

289 2191 381 2250 Illum
409 2197 510 2249 autem
543 2207 702 2247 numerum
736 2184 799 2263 (Ol.
826 2190 875 2262 93,
907 2188 938 2267 3)
969 2191 1232 2270 Volquardsenius
1255 2207 1364 2270 pagg·

204 2295 245 2352 77
270 2300 301 2352 et
316 2294 355 2351 78
376 2293 419 2350 ita
441 2289 656 2369 explicandum
679 2309 745 2348 esse
772 2299 889 2364 censet,
913 2301 947 2350 ut
967 2301 1149 2366 statuamus,
1177 2293 1345 2364 Timaeum,

205 2415 244 2454 ex
276 2413 336 2472 quo
367 2393 445 2452 haec
477 2391 634 2450 Diodorus
661 2391 812 2463 hauserit,
844 2391 906 2451 non
941 2394 1166 2474 olympiadibus
1197 2397 1229 2454 in
1268 2417 1346 2454 com·

204 2495 344 2577 putando
376 2514 465 2553 usum
490 2509 570 2564 esse,
605 2500 639 2551 ut
669 2493 761 2570 vulgo
788 2493 937 2570 creditur,
961 2495 1015 2554 sed
1044 2497 1243 2568 naturalibus,
1271 2517 1347 2574 quos

205 2617 365 2668 vocamus,
390 2596 480 2654 aunis
503 2593 541 2654 ab
565 2594 660 2652 altero
676 2615 748 2653 vere
772 2595 812 2654 ad
835 2596 962 2654 alterum
979 2597 1212 2674 pertinentibus,
1237 2597 1347 2676 quibus

206 2698 418 2780 olympiadum
440 2714 537 2755 annos
566 2695 720 2754 Diodorus
749 2697 936 2774 aequaverit.
973 2697 1072 2774 Quam
1095 2700 1279 2758 sententiam
1301 2701 1348 2758 vir

204 2803 259 2861 ille
276 2801 382 2859 doctus
404 2820 467 2857 non
483 2798 704 2877 proposuisset,
729 2792 756 2854 si
773 2797 854 2856 illud
870 2800 1067 2876 respexisset,
1092 2800 1174 2878 quod
1190 2800 1347 2861 Arnoldus

205 2903 356 2963 Schaet'er
379 2901 417 2960 de
439 2899 570 2960 Diodori
597 2906 772 2976 temporum
795 2900 1004 2959 notationibus
1034 2901 1065 2958 in
1088 2904 1345 2980 pentecontaetia,

205 3025 287 3083 quae
310 3003 500 3075 nominatur,
526 2999 716 3060 exstantibus
740 3000 893 3061 disseruit.

295 3137 372 3198 (lum
396 3138 478 3197 enim
500 3136 656 3195 Diodorus
679 3137 710 3194 in
729 3136 825 3195 altero
841 3136 908 3194 loeo
932 3137 1024 3195 alium
1040 3137 1157 3196 fontem
1172 3138 1349 3197 adhibuerit

204 3250 299 3319 atque
322 3242 353 3298 in
377 3240 488 3310 altero,
513 3239 545 3296 iu
568 3238 626 3296 hoc
648 3237 808 3296 Timaeum
836 3237 868 3295 in
892 3237 944 3295 illo
968 3236 1139 3316 Ephorum,
1165 3241 1196 3298 in
1220 3249 1348 3318 utroque

205 3359 310 3402 autem
331 3341 398 3400 loco
421 3341 504 3399 illam
527 3339 736 3419 olympiadum
759 3339 1016 3400 numerandarum
1040 3343 1202 3413 rationem,
1228 3363 1265 3400 ex
1288 3362 1348 3420 qua

205 3445 283 3502 anni
306 3444 425 3501 initium
447 3443 479 3499 in
496 3441 626 3500 mediam
641 3440 772 3500 hiemem
788 3441 911 3513 incidit,
928 3451 1049 3500 secutus
1072 3443 1124 3514 sit,
1150 3464 1253 3502 nonne
1270 3446 1347 3502 veri-

205 3544 392 3604 simillimum
422 3552 480 3615 est,
514 3542 607 3600 hane
622 3543 772 3601 rationem
800 3542 838 3602 ab
872 3544 938 3621 ipso
966 3543 1103 3602 Diodoro
1132 3565 1199 3603 esse
1228 3547 1347 3624 excogi-

207 3645 325 3706 tetam?

293 3763 344 3822 Ad
365 3764 526 3823 Timaeum
548 3771 649 3821 autem
665 3763 819 3841 pertinere
841 3763 922 3823 hanc
950 3772 1120 3842 temporum
1143 3767 1348 3828 notandorum

206 3865 359 3925 rationem
387 3886 422 3924 ee
451 3867 550 3924 minus
574 3863 756 3943 putabimus,
788 3866 861 3943 quia
884 3886 924 3924 ex
945 3865 1068 3944 Polybii
1091 3867 1111 3927 l.
1134 3867 1200 3925 XII
1216 3890 1282 3947 cap.
1309 3873 1346 3928 11

207 3987 271 4025 non
294 3967 361 4026 sine
384 3986 475 4026 causa
497 3966 659 4025 Timaeum
679 3967 809 4043 primum
838 3967 1063 4047 olympiadibus
1086 3969 1118 4025 in
1142 3973 1348 4049 computando

206 4088 296 4128 usum
320 4087 385 4126 esse
409 4067 610 4129 concluditur.
977 4065 979 4068 ’

292 4185 422 4245 Accedit
437 4186 528 4263 quod,
547 4185 599 4263 qui
614 4186 771 4245 naturales
787 4207 885 4246 annos
902 4186 1038 4260 adhibet,
1057 4189 1164 4267 utique
1181 4189 1349 4251 debatalia

207 4289 300 4348 etiam
321 4308 472 4346 annorum
493 4287 762 4366 significandorum
784 4290 903 4348 ratione
925 4291 982 4361 uti,
1013 4310 1079 4348 cum
1107 4291 1261 4369 quoddam
1275 4301 1347 4356 tem·

206 4409 264 4468 pus
280 4387 477 4447 statuendum
498 4389 553 4459 sit,
578 4409 616 4447 ex
630 4407 689 4466 quo
710 4381 868 4449 naturales
892 4391 966 4448 anni
988 4401 1195 4455 numerentur.
