3252 5108
671 305 883 368 ...73-

210 469 371 554 βαετάζειν
398 473 506 538 αὐτῶν
534 494 567 537 τε
595 474 760 553 Ῥωμαίων
792 474 841 538 καὶ
867 479 932 539 τῶν
960 472 1128 552 ευμμάχων
1158 477 1263 538 πεζῶν
1291 474 1348 553 μέν

207 575 288 654 ὑπὲρ
304 574 360 638 τὰε
377 574 596 655 ἑβδομήκοντα
610 575 780 657 uuerdent,
795 575 920 640 ίππέων
937 577 972 639 δὲ
988 575 1032 638 εἰ(
1048 575 1128 639 ἕπτα
1142 575 1302 652 μυριάδαε.

292 712 458 772 Praeterea
480 721 583 771 autem
604 712 760 772 Diodorus
789 721 820 772 et
842 712 992 792 Polybius
1015 714 1047 772 in
1072 734 1107 773 eo
1130 732 1253 792 quoquo
1277 733 1347 770 eon·

206 816 359 886 sentiunt,
384 813 468 893 quod
491 815 605 885 40‚000
629 813 789 873 Gallorum
811 814 1004 887 interfectoS,
1040 815 1168 874 alterum
1192 813 1351 873 Gallorum

206 936 312 994 regum
335 925 456 1001 captum
479 915 608 974 alterum
630 917 693 974 suis
716 913 856 974 manibus
880 926 1023 974 necatum
1046 935 1112 975 esse
1134 923 1272 975 narrant.

290 1049 321 1107 ls
344 1069 416 1108 vero
441 1043 598 1120 numerus,
622 1068 698 1126 quo,
729 1058 863 1126 quantus
886 1050 981 1108 fuerit
1005 1049 1165 1109 Gallorum
1187 1050 1346 1119 exercitus,

206 1150 369 1222 indicatur,
387 1159 547 1227 corruptus
564 1169 630 1209 esse
640 1150 773 1208 videtur.
803 1150 959 1210 Diodorus
976 1152 1058 1209 enim
1080 1147 1239 1210 Gallorum
1255 1151 1349 1209 fuisse

209 1252 283 1310 dicit
307 1251 440 1310 ducenta
468 1252 574 1310 millia.
606 1249 684 1310 Gum
711 1261 813 1310 autem
842 1251 991 1329 Polybius
1019 1252 1158 1329 peditum
1180 1253 1296 1324 50‚000
1319 1261 1349 1310 et

210 1353 347 1430 equitum
363 1352 478 1424 20‚000
493 1359 649 1424 numeret,
673 1353 704 1409 in
721 1350 878 1412 codicibus
893 1352 1025 1410 Diodori
1040 1353 1159 1411 numeri
1172 1355 1212 1411 70
1226 1353 1348 1429 signum

206 1445 234 1512 o'
258 1454 420 1512 confusum
444 1473 510 1513 esse
525 1462 599 1532 puto
616 1473 684 1512 eum
706 1453 763 1512 hoe
778 1454 868 1530 signo
892 1442 936 1526 α’,
966 1471 1027 1530 quo
1050 1473 1195 1513 numerus
1218 1453 1280 1512 200
1301 1455 1346 1512 in·

206 1554 337 1613 dicatur.

291 1671 383 1750 Quod
405 1679 506 1731 autem
527 1671 684 1730 Diodorus
706 1672 871 1731 Aemilium
887 1667 1028 1758 φρούρια
1050 1668 1135 1732 ἑλεῖν
1159 1673 1239 1745 dicit,
1263 1673 1346 1750 quod

204 1771 353 1852 Polybius
377 1793 439 1831 non
462 1781 690 1846 commemorat,
714 1773 747 1832 id
770 1773 848 1831 nulli
871 1773 944 1831 mihi
957 1773 1080 1832 videtur
1103 1793 1169 1832 esse
1192 1775 1344 1844 momenti,

204 1876 383 1952 praesertim
406 1895 473 1933 eum
495 1875 651 1934 Diodorus
673 1875 730 1933 hoo
752 1876 818 1953 ipso
842 1874 908 1933 looo
930 1874 1105 1953 Polybiane
1127 1895 1203 1934 vose
1225 1883 1344 1934 utatur:

205 1971 371 2050 ἐπλήρωεε
386 1974 511 2049 πολλῆ(
529 1971 695 2051 ὠφελείαε.
1227 1973 1229 1976 ’

288 2093 419 2152 Accedit
430 2094 513 2172 quod
526 2096 733 2172 fragmentum
755 2092 833 2152 XVI
863 2089 942 2169 (exo.
957 2092 1027 2152 Vat.
1041 2094 1128 2170 pot,
1145 2092 1198 2170 57)
1223 2113 1345 2172 quoque

204 2196 309 2273 utique
333 2195 372 2255 ad
395 2194 559 2274 Polybium
582 2203 629 2254 est
651 2194 863 2266 referendum,
892 2195 945 2272 qui
965 2193 1019 2252 lib.
1036 2193 1087 2251 ΙΙΙ
1109 2214 1175 2272 cap.
1198 2196 1238 2253 33
1261 2215 1344 2273 pror·

204 2316 256 2355 sus
285 2297 395 2356 iisdem
428 2296 530 2356 verbis
559 2305 650 2375 atque
673 2296 829 2355 Diodorus
859 2316 931 2354 usus
962 2304 1017 2354 est.
1047 2295 1134 2354 Haec
1162 2297 1243 2355 enim
1272 2297 1345 2356 dioit

206 2407 345 2476 uterque.

411 2547 551 2611 Polybius.
630 2573 642 2593 x
995 2546 1140 2597 Diodorus.
1161 2619 1164 2625 Ι

246 2647 506 2728 ὁπρεεβύτατοε
528 2648 636 2712 αὐτῶν
658 2648 760 2714 δείξαι
830 2648 849 2710 ὁ
878 2647 1093 2728 πρεεβιίτατοε
1125 2652 1189 2713 τῶν
1220 2647 1254 2711 ἐκ
1287 2651 1343 2724 τῆς

203 2751 272 2812 τοίε
297 2748 399 2831 ἐντῷ
426 2750 578 2832 ευνεδρίῳ
604 2751 662 2814 τὸν
686 2750 760 2815 κόλ-
786 2749 908 2828 Ῥώμηε
924 2749 1172 2829 ἐκπεμφθέντων
1192 2754 1343 2829 πρεεβεα·

203 2869 284 2929 πον,
303 2849 449 2931 ἐνταῦθα,
465 2849 540 2930 ἔφη,
556 2851 607 2914 καί
627 2852 685 2916 τὸν
700 2853 759 2916 πό·
786 2857 851 2915 τῶν
873 2851 909 2914 ἐν
934 2856 981 2934 τῷ
1002 2849 1156 2933 ευνεδρίῳ
1179 2853 1245 2913 τῶν
1264 2851 1341 2927 Καρ-

204 2952 303 3029 λεμον
334 2952 385 3013 καί
413 2953 470 3029 τὴν
501 2951 630 3029 εἰρήνην
659 2951 759 3032 φέρω.
786 2952 946 3030 χηδονίων
982 2951 1084 3017 δείξαι
1119 2957 1157 3034 τῇ
1192 2952 1342 3034 γερουείᾳ

203 3051 348 3128 ἐκβαλὼν
393 3051 452 3117 οὖν
465 3102 474 3135 ,
518 3052 678 3132 ὁπότερον
720 3053 759 3117 ἂν
784 3055 842 3118 τὸν
858 3053 982 3118 κόλπον
998 3053 1096 3134 ἔφηεε
1109 3053 1220 3133 φέρειν
1233 3051 1342 3116 αὐτοῖς

203 3154 393 3234 κελευεωει,
426 3153 632 3232 ἀπολείψειν·
675 3155 693 3218 ὁ
725 3157 760 3219 δέ
786 3155 838 3217 καὶ
860 3159 917 3235 τὴν
939 3155 1067 3232 εἰρήνην
1095 3154 1224 3218 καὶτὸν
1245 3153 1341 3217 πόλε-

205 3253 349 3332 βαειλεὺε
361 3260 427 3319 τῶν
438 3255 760 3338 Καρχηδονίων,ὁπό-
786 3276 856 3334 μον.
893 3254 1083 3333 ἀπολείψειν
1114 3253 1174 3318 οὖν
1204 3255 1341 3336 τούτων,

202 3374 297 3432 τερον
311 3355 421 3419 αὐτοί(
433 3355 590 3438 φαίνεται,
606 3357 697 3420 τοῦτ’
712 3357 757 3421 ἐκ·
786 3355 946 3434 ὁπότερον
982 3356 1022 3420 ἂν
1064 3355 1095 3448 οἱ
1132 3355 1341 3433 Καρχηδόνιοι

200 3458 312 3534 -βαλεῖν
338 3456 501 3521 ἐκέλευεν·
534 3460 593 3521 τοῦ
620 3459 656 3521 δὲ
682 3457 758 3522 Ῥω·
786 3460 978 3538 βονληθώει·
1001 3461 1060 3521 τοῦ
1081 3459 1117 3521 δὲ
1136 3461 1202 3521 τῶν
1220 3457 1338 3535 Καρχη-

202 3557 297 3634 μαίου
327 3559 489 3636 φήεαντοε
525 3559 583 3623 τὸν
613 3558 757 3638 πόλεμον
785 3559 904 3624 δονίων
920 3557 1340 3638 βαειλὲωεείπόντοεποιεῑν

201 3657 360 3737 ἐκβαλεῖν,
392 3657 605 3738 ἀνεφώνηεαν
629 3659 692 3738 ἅμα
707 3662 758 3724 καὶ
784 3661 899 3742 αὐτόν,
927 3659 1087 3737 ὁπότερον
1110 3658 1150 3724 ἂν
1177 3658 1339 3741 βούλοιτο,

201 3758 332 3823 πλείου(
353 3765 419 3824 τῶν
446 3759 480 3824 ἐκ
506 3764 564 3825 τοῦ
591 3763 757 3840 ευνεδρίου
784 3761 865 3843 ἔφη,
889 3763 947 3826 τὸν
963 3761 1107 3839 πόλεμον
1128 3760 1258 3842 ἀφίημι,
1274 3766 1339 3826 τῶν

205 3859 382 3939 φὰικοντεε
399 3861 548 3939 δέχεεθαι.
784 3865 819 3927 δὲ
837 3863 1063 3941 Καρχηδονίων
1085 3861 1180 3926 εὐθὺ(
1201 3861 1233 3926 οἱ
1253 3863 1338 3926 πλεί-

784 3985 841 4029 out
857 3964 1033 4044 ἀνεβόηεαν
1049 3964 1201 4042 δέχεεθαι.

286 4117 428 4178 Geteuun
450 4119 615 4199 Polybium
637 4140 760 4199 qnoque
787 4121 864 4180 haee
891 4119 1077 4180 verbotenus
1106 4119 1170 4179 fere
1193 4139 1232 4178 ex
1253 4119 1339 4178 sonte

200 4239 255 4277 suo
279 4219 499 4298 desumpsisse,
523 4223 550 4280 si
565 4220 702 4299 Appiani
717 4222 811 4282 verba
834 4243 901 4282 eum
916 4221 1097 4302 Polybianis
1119 4243 1337 4301 comparamus,
1447 4275 1449 4278 .

200 4320 349 4380 videmus.

283 4422 447 4500 Appianus
464 4425 545 4481 onim
567 4426 597 4482 in
623 4426 688 4482 eius
710 4424 795 4496 libri,
825 4446 886 4505 quo
904 4427 942 4485 de
958 4425 1049 4485 rebus
1063 4425 1241 4505 Hispaniois
1265 4428 1335 4504 egit,
