3252 5108
665 321 874 384 -55-

204 497 394 558 conficienda
419 498 622 556 necessariam
651 497 768 554 iniussu
796 503 921 552 senatus
946 515 983 553 ex
1012 494 1130 555 aerario
1159 492 1340 552 desumsisse

204 609 425 658 commemorat.

286 718 410 776 Deinde
426 714 561 794 Appium
576 714 705 794 singulis
721 715 852 787 civibus,
876 734 935 793 quo
950 715 1018 773 loeo
1035 714 1153 773 censeri
1167 732 1200 772 se
1215 711 1339 783 vellent,

207 820 320 896 eligere
350 819 537 897 permisisse,
578 817 711 896 denique
742 817 857 876 nemini
888 817 1023 894 equitum
1053 835 1164 894 equum
1194 813 1342 874 ademisse

204 939 305 997 neque
339 939 521 999 quemquam
553 927 661 978 senatu
690 920 836 991 movisse,
865 926 899 975 ut
928 918 1040 976 amicos
1068 915 1125 975 sibi
1153 916 1339 987 conciliaret,

203 1021 286 1079 solus
310 1030 414 1080 narrat
435 1020 600 1078 Diodorus.

285 1155 324 1214 In
352 1154 405 1214 lib.
428 1155 493 1213 XX
525 1175 592 1232 cap.
616 1155 655 1210 44
690 1173 812 1232 quoque
845 1155 934 1232 plura
968 1161 1087 1225 extant,
1124 1171 1202 1230 quae
1236 1151 1342 1210 Livius

202 1259 324 1316 silentio
347 1256 561 1335 praetermisit.
601 1255 681 1313 Nam
708 1256 733 1312 is
768 1275 869 1332 neque
896 1255 1051 1312 Romanos
1079 1273 1134 1331 per
1162 1250 1342 1310 Umbrorum

203 1379 291 1438 agros
321 1358 475 1436 profectos
509 1376 610 1435 neque
641 1354 786 1435 Caprium
809 1355 968 1415 castellum
989 1355 1187 1412 Etruscorum
1221 1363 1342 1431 captum

203 1479 269 1519 esse
297 1458 352 1517 lib.
374 1458 424 1516 IX
447 1478 513 1536 cap.
536 1459 576 1514 41
601 1458 698 1516 affert.

288 1577 433 1654 Denique
455 1575 611 1634 Diodorus
633 1574 685 1633 lib.
709 1575 774 1632 XX
796 1596 861 1654 cap.
886 1577 927 1634 80
948 1575 1025 1634 haec
1049 1582 1168 1634 narrat:

289 1693 327 1772 Q.
351 1694 466 1752 Marcio
490 1700 521 1750 ot
538 1693 577 1761 P.
602 1691 745 1752 Cornelio
769 1693 943 1752 consulibus
965 1694 1097 1752 Romani
1124 1694 1157 1750 in
1180 1692 1342 1771 Iapygiam
1385 1703 1386 1706 ’

203 1797 357 1874 progressi
380 1795 499 1856 Silvion
523 1803 750 1872 expugnarunt.
780 1796 863 1854 Dum
884 1787 958 1854 vero
980 1794 1056 1854 haec
1071 1802 1231 1870 geruntur,
1257 1792 1339 1851 Sam-

203 1899 282 1956 nites
312 1918 419 1975 agrum
446 1898 618 1956 Romanum
645 1897 812 1956 miserrime
841 1904 1029 1975 pervastant.
1060 1895 1203 1972 Denique
1225 1893 1341 1952 Phrou-

203 2000 294 2057 sinon
315 1998 373 2056 hoc
396 2018 477 2057 anno
508 2003 717 2078 expugnatum
745 2007 804 2070 est,
834 1999 919 2057 euius
948 1997 1014 2074 agri
1042 1995 1160 2055 civibus
1190 1995 1342 2054 distributi

204 2107 284 2158 sunt.
326 2099 414 2158 Haec
442 2108 543 2159 autem
571 2101 673 2158 omnia
701 2121 719 2158 a
746 2099 835 2158 Livio
864 2098 918 2157 lib.
939 2099 989 2156 IX
1016 2117 1082 2176 cap.
1112 2097 1152 2155 43
1176 2117 1238 2154 non
1262 2117 1341 2156 com·

203 2210 418 2260 memorantur.
463 2201 549 2260 Haec
570 2221 643 2260 vero
667 2223 685 2260 a
700 2200 838 2259 Diodoro
862 2220 900 2259 ex
921 2200 1012 2259 Fabii
1027 2199 1157 2257 Pictoris
1180 2198 1341 2257 annalibus

204 2302 342 2362 desumta
370 2323 436 2362 esse
464 2313 498 2362 ut
526 2302 689 2362 dilucidius
717 2303 809 2363 etiam
836 2310 997 2380 appareat,
1029 2321 1078 2372 ea,
1109 2321 1188 2378 quae
1217 2301 1340 2358 Momm-

203 2397 354 2482 senius⁴8)
380 2404 417 2463 de
440 2405 527 2463 fastis
549 2405 715 2464 Diodoreis
739 2403 901 2476 disseruit,
932 2402 1065 2462 afferam.

287 2523 458 2596 Diodorus,
493 2544 560 2582 cum
593 2523 647 2582 lib.
670 2522 719 2580 XI
753 2542 820 2599 cap.
852 2519 883 2592 1',
920 2520 1023 2599 Spurii
1054 2519 1152 2578 Cassii
1184 2528 1214 2579 et
1240 2520 1342 2579 Procli

203 2623 343 2702 Verginii
376 2624 552 2684 consulatus
586 2624 635 2682 vel
669 2625 829 2682 vicesimus
856 2629 980 2699 quartus
1007 2619 1122 2680 liberae
1155 2621 1342 2698 reipublicae

203 2745 301 2783 annus
341 2725 460 2784 dicatur
488 2741 558 2783 esse
591 2725 704 2802 primus
734 2723 917 2802 olympiadis
945 2722 1188 2800 septuagesimae
1216 2723 1342 2800 quintae

203 2846 311 2899 annus,
330 2825 547 2904 rempublicam
562 2824 690 2883 liberam
706 2825 802 2903 primo
816 2823 1000 2904 olympiadis
1012 2824 1343 2903 undeseptuagesimae

203 2948 285 2986 anno
310 2924 373 3003 (Ol.
397 2928 445 3000 69,
472 2925 503 3004 1)
532 2925 673 2985 statuerit
694 2945 820 2986 necesse
844 2936 889 2986 est
911 2927 1022 2986 factam
1045 2944 1121 2985 esse.
1153 2924 1215 3004 Qui
1237 2947 1341 2985 nume·

203 3049 253 3088 rus
283 3029 429 3106 explicari
464 3029 571 3106 nequit
604 3029 663 3086 nisi
695 3029 752 3101 ita,
787 3038 821 3087 ut
852 3029 987 3088 dicamus
1021 3027 1191 3086 Diodorum
1219 3028 1342 3105 proprie

204 3130 328 3209 quidem
359 3130 528 3189 seeundum
560 3128 650 3188 Fabii
685 3131 882 3208 computandi
915 3131 1065 3189 rationem
1102 3127 1236 3187 voluisse
1270 3129 1340 3187 scri-

203 3231 276 3290 bere
303 3231 431 3290 Romam
457 3233 554 3311 primo
585 3230 769 3310 olympiadis
799 3230 1145 3308 duodeseptuagesimae
1173 3230 1342 3308 tyrannide

202 3332 363 3392 liberatam
386 3351 465 3404 esse,
495 3333 550 3392 sed
573 3353 612 3392 ex
637 3333 698 3392 alio
722 3334 807 3391 fonte
834 3353 922 3410 reges
944 3352 1000 3410 per
1023 3331 1084 3388 244
1107 3351 1204 3390 annos
1226 3331 1342 3390 Romae

203 3434 297 3493 fuisse
327 3432 508 3493 desumsisse
537 3442 568 3493 et
595 3435 638 3493 ita
667 3435 706 3494 ad
737 3455 852 3494 annum
879 3434 1010 3512 primum
1038 3433 1222 3512 olympiadis
1245 3432 1341 3491 unde-

203 3535 447 3613 septuagesimae
469 3536 655 3613 pervenisse.

287 3635 412 3696 Deinde
426 3636 557 3695 Diodori
580 3637 652 3696 fasti
673 3639 765 3696 variis
789 3636 940 3697 erroribus
955 3638 999 3694 ita
1019 3643 1091 3694 sunt
1114 3633 1284 3707 disturbati,
1309 3645 1342 3694 ut

204 3738 380 3818 olympiade
412 3739 612 3817 nonagesima
643 3739 739 3817 prima
772 3738 929 3797 Diodorus
962 3758 1017 3797 sex
1048 3736 1138 3797 annis
1166 3745 1342 3796 consuetam

204 3840 401 3918 computandi
423 3841 572 3900 rationem
594 3848 813 3919 praecurreret.
843 3837 939 3918 Atqui
968 3839 1051 3918 apud
1073 3837 1203 3897 Fabium
1225 3838 1340 3897 indica·

203 3950 267 4000 tum
300 3943 434 4015 invenit,
470 3942 510 4002 ad
544 3941 660 4001 Alliam
692 3940 867 4021 olympiade
897 3941 1167 4001 duodecentesima
1195 3939 1341 4000 archonte

204 4044 400 4122 Pyrgione
423 4053 592 4122 pugnatum
615 4063 691 4103 esse.

289 4143 389 4222 Quam
413 4145 535 4204 obrem
561 4146 643 4205 inter
665 4143 869 4226 olympiadem
897 4144 1129 4222 nonagesimam
1155 4144 1283 4222 primam
1312 4153 1342 4204 et

203 4247 486 4306 undecentesimam
520 4267 587 4305 eum
623 4247 749 4307 deberet
785 4267 839 4306 sex
873 4247 1031 4306 consulum
1070 4247 1158 4326 paria
1192 4248 1340 4319 omittere,

270 4465 314 4528 48)
333 4465 452 4520 chronol.
471 4480 537 4518 rom.
557 4479 618 4530 pag.
639 4467 686 4515 125
704 4480 776 4529 seqq.
