3252 5108
752 293 964 356 „14-

368 465 532 527 Permulta
548 487 592 539 ea,
618 486 696 545 quae
721 467 759 526 de
784 467 897 526 ultimis
912 467 986 527 belli
1008 465 1215 526 Archidamici
1237 464 1425 544 temporibus

286 588 353 646 cap.
378 569 416 625 72
453 576 639 640 narrantur,
670 588 793 647 prorsus
826 569 892 627 fere
925 567 1115 647 respondent
1149 568 1199 640 iis,
1234 586 1314 645 quae
1342 567 1426 645 apud

284 669 500 748 Thucydidem
539 676 655 729 extant.
700 670 881 729 Accuratius
914 677 1017 728 autem
1050 675 1260 747 comparantes
1294 667 1426 726 Diodori

285 772 493 831 narrationem
515 791 583 830 cum
605 771 824 850 Thucydidea,
854 770 988 850 aliquam
1016 778 1098 829 certe
1121 769 1325 828 differentiam
1346 770 1427 828 inter

285 872 354 930 illos
376 873 539 951 scriptores
562 872 753 931 intercedere
781 871 964 931 videbimus.
1002 869 1080 931 Cum
1108 871 1204 944 enim,
1229 871 1272 929 ait
1294 869 1424 942 Siculus,

284 971 389 1032 Lesbii
410 970 574 1032 Antandro
598 972 674 1032 urbe
690 981 837 1051 occupata
852 972 1097 1032 Atheniensibus
1112 972 1296 1050 Mitylenam
1317 979 1424 1030 tenen·

284 1073 365 1133 tibus
393 1072 508 1133 bellum
536 1074 701 1146 inferrent,
735 1075 780 1132 ira
808 1076 948 1133 commoti
976 1071 1184 1133 Athenienses
1206 1070 1373 1132 Aristidem
1396 1081 1427 1130 ct

285 1175 499 1256 Symmachum
521 1177 554 1234 in
569 1175 703 1235 Lesbum
722 1175 854 1235 insulam
869 1177 1030 1247 miserunt,
1055 1174 1109 1252 qui
1131 1173 1183 1233 illo
1207 1173 1321 1252 oppido
1337 1182 1426 1252 capto

284 1277 464 1337 Lesbiorum
479 1277 556 1336 alios
572 1277 807 1350 interfecerunt,
824 1277 900 1336 alios
917 1297 954 1336 ex
968 1274 1044 1334 urbe
1060 1277 1225 1335 eiecerunt.
1258 1273 1328 1353 Quo
1343 1275 1425 1334 facto

284 1379 352 1457 ipsi,
377 1399 445 1438 cum
466 1377 653 1457 praesidium
675 1377 718 1437 ibi
741 1378 952 1457 reliquissent,
983 1397 1022 1437 ex
1043 1375 1143 1436 Lesbo
1167 1376 1300 1456 profecti
1321 1384 1403 1435 sunt.

370 1480 572 1560 Thucydides
601 1498 674 1538 vero
703 1481 833 1557 primurn
860 1469 984 1557 quidem
1016 1498 1167 1557 nusquam
1199 1496 1301 1555 neque
1333 1478 1354 1536 1.
1379 1477 1427 1537 IV

286 1603 311 1642 c.
336 1583 375 1640 52
399 1600 500 1659 neque
529 1601 555 1639 c.
580 1581 618 1639 75
647 1579 774 1638 Lesbios
803 1580 871 1638 illos
893 1578 1057 1639 Antandro
1086 1587 1234 1658 occupata
1255 1577 1426 1638 Athenien-

288 1683 371 1742 sibus
393 1682 576 1761 Mitylenam
596 1689 671 1739 tunc
692 1681 870 1740 tenentibus
898 1681 1013 1740 bellum
1035 1680 1176 1739 intulisse
1204 1689 1425 1751 commemorat,

289 1783 403 1844 deinde
427 1784 519 1842 duces
542 1782 625 1854 illos,
650 1800 779 1859 quorum
802 1782 930 1840 alterum
952 1783 1018 1860 ipse
1046 1783 1185 1840 nominat
1206 1781 1425 1853 Demodocum,

287 1887 416 1945 alterum
437 1883 618 1955 Aristidem,
643 1883 676 1940 in
687 1882 822 1942 Lesbum
837 1883 969 1942 insulam
984 1903 1047 1941 non
1071 1904 1089 1942 a
1109 1884 1223 1961 populo
1240 1885 1345 1942 missos
1362 1903 1427 1942 esse

288 1987 342 2046 sed
364 2007 419 2046 sua
442 1993 565 2064 sponte,
600 2005 668 2042 cum
694 1985 748 2043 illo
776 1985 842 2062 ipso
872 1993 1009 2063 tempore
1038 1985 1070 2042 in
1093 1985 1192 2043 Ponto
1222 1992 1426 2057 versarentur,

288 2089 409 2148 venisse
437 2093 556 2161 narrat,
593 2085 727 2164 denique
756 2106 821 2158 nec,
854 2105 913 2162 quo
943 2086 1093 2164 supplicio
1116 2086 1162 2144 illi
1186 2086 1277 2145 duces
1299 2084 1428 2144 Lesbios

288 2190 460 2260 affecerint,
495 2207 552 2246 nec
586 2186 773 2265 praesidium
796 2186 834 2246 ab
869 2189 906 2246 iis
934 2188 965 2246 in
994 2185 1158 2256 Antandro
1187 2187 1262 2246 urbe
1290 2187 1428 2245 relictum

289 2310 356 2350 esse
379 2289 483 2348 refert.

371 2390 444 2448 Non
475 2388 575 2447 minus
605 2388 718 2448 clarum
750 2396 796 2448 est
829 2389 861 2446 in
891 2389 943 2461 iis,
974 2381 1218 2467 quae‘proxime
1247 2397 1425 2468 sequuntur,

288 2492 449 2553 narrandis
477 2488 693 2569 Thucydidem
721 2511 739 2548 a
766 2490 904 2550 Diodoro
937 2510 1001 2549 non
1036 2509 1104 2548 esse
1134 2490 1314 2550 adhibitum.
1349 2491 1427 2550 Nam
1462 2541 1467 2552 .

289 2615 358 2654 cum
379 2590 581 2673 Thucydides
614 2591 635 2649 l.
660 2591 689 2650 V
712 2612 737 2650 c.
771 2594 786 2647 1
811 2590 881 2651 ideo
910 2591 1018 2650 Delios
1052 2591 1194 2670 expulsos
1218 2612 1285 2652 esse
1313 2600 1425 2664 narret,

288 2695 372 2774 quod
393 2694 615 2765 Athenienses,
645 2695 751 2771 paucis
774 2694 864 2752 annis
893 2701 965 2752 ante
995 2713 1062 2752 cum
1090 2703 1258 2771 purgarent
1285 2694 1425 2765 insulam,

288 2819 321 2856 sc
344 2817 408 2856 non
431 2797 504 2854 satis
527 2794 638 2853 fecisse
660 2795 852 2872 putaverint,
878 2793 998 2854 Siculus
1014 2815 1079 2854 eam
1096 2795 1190 2854 fuisse
1206 2815 1328 2854 causam
1344 2795 1426 2866 dicit,

289 2898 372 2976 quod
399 2895 484 2955 Delii
511 2893 756 2954 Atheniensibus
786 2914 853 2953 cum
882 2895 1136 2955 Lacedaemoniis
1166 2897 1341 2974 conspirare
1370 2896 1428 2954 visi

289 3001 360 3058 sint.
390 2995 515 3056 Deinde
538 3004 639 3054 autem
662 3016 698 3054 ea
720 3014 857 3074 quoque,
882 3015 961 3074 quae
985 2996 1023 3054 de
1045 3016 1151 3075 pugna
1173 2999 1212 3057 ad
1227 2997 1427 3075 Amphipolin

290 3102 371 3160 faeta
399 3099 582 3169 afferuntur,
612 3098 686 3155 satis
709 3096 854 3156 differunt
880 3097 918 3154 ab
942 3099 993 3170 iis,
1024 3117 1103 3176 quae
1128 3098 1329 3177 Thucydides
1363 3098 1428 3157 l.V

290 3223 315 3262 c.
342 3204 380 3260 10
401 3199 539 3259 tradidit.
568 3199 599 3257 Is
623 3199 720 3272 enim,
750 3217 811 3277 quo
830 3208 894 3258 erat
917 3201 949 3257 in
973 3197 1120 3258 Cleonem
1143 3199 1229 3272 odio,
1260 3201 1427 3278 fugientem

289 3324 358 3362 eum
380 3322 398 3360 a
419 3285 559 3378 Myrcino
588 3300 720 3377 quodam
743 3308 884 3360 necatum
907 3320 973 3359 esse
999 3309 1115 3358 narrat.
1146 3299 1189 3359 At
1211 3321 1283 3360 vero
1309 3300 1428 3359 Siculus

290 3405 493 3482 demagogum
515 3400 601 3460 illum
623 3401 768 3461 militibus
797 3403 859 3460 suis
888 3401 1028 3479 exemplo
1056 3400 1150 3460 fuisse
1180 3410 1210 3460 et
1233 3403 1351 3460 fortiter
1374 3422 1427 3480 pu·

290 3515 436 3584 guantem
450 3505 481 3562 in
498 3505 565 3582 ipsa
580 3505 645 3563 acie
660 3502 807 3562 cecidisse
823 3502 926 3562 refert.
950 3503 1116 3562 Praeterea
1128 3503 1277 3563 Brasidae
1292 3512 1426 3575 matrem,

290 3628 356 3666 cum
380 3607 408 3665 ci
431 3606 525 3663 filiurn
547 3607 682 3664 omnium
697 3604 1013 3664 Lacedaemoniorum
1028 3604 1124 3663 fuisse
1140 3604 1337 3664 fortissimum
1352 3623 1428 3661 nun·

289 3710 396 3767 tiatum
420 3714 499 3764 esset
526 3704 639 3764 bonum
661 3713 742 3765 certe
765 3725 834 3764 eum
849 3706 944 3766 fuisse
961 3707 1073 3778 virum,
1098 3706 1153 3764 sed
1169 3705 1273 3764 multis
1290 3706 1359 3765 aliis
1382 3706 1427 3763 in·

290 3810 432 3868 feriorem
454 3806 651 3884 respondisse
674 3807 805 3884 ideoque
828 3807 866 3865 ab
890 3808 1011 3886 ephoris
1027 3807 1149 3864 summis
1165 3807 1333 3866 honoribus
1357 3806 1427 3866 affe-

291 3920 370 3970 ctam
392 3895 473 3982 esse,
503 3903 702 3986 apud'unum
724 3907 896 3968 Diodorum
916 3909 1039 3987 legitur.
1069 3906 1172 3985 Atque
1200 3915 1234 3967 ut
1260 3908 1338 3968 haec
1359 3928 1427 3967 nar-

291 4010 463 4070 ratiuncula
495 4011 609 4087 0ptime
637 4010 669 4066 in
701 4009 819 4088 Ephori
851 4009 1006 4070 scribendi
1040 4010 1191 4070 rationem
1223 4008 1355 4088 quadrat
1384 4010 1428 4067 ita

290 4113 479 4191 singulorum
497 4111 627 4169 Diodori
650 4120 680 4170 et
694 4111 890 4189 Thucydidis
913 4108 963 4188 (V,
981 4109 1013 4187 2)
1037 4109 1200 4171 verborum
1227 4109 1428 4170 similitudine

291 4233 421 4292 quoque,
445 4222 479 4270 ut
501 4211 558 4270 hoc
583 4211 648 4269 loco
673 4210 840 4272 Oumaeum
863 4213 948 4272 illum
970 4213 1148 4290 scriptorem
1176 4235 1194 4272 a
1216 4211 1354 4271 Diodoro
1378 4232 1428 4270 ex·

292 4324 428 4393 carptum
451 4333 518 4372 esse
533 4320 686 4391 putemus,
710 4334 943 4374 commovemur.
973 4315 1039 4374 Iam
1054 4335 1126 4373 vero
1143 4314 1215 4373 inde
1239 4315 1372 4392 acepitc
1389 4314 1428 4371 75

291 4416 456 4486 Diodorus,
474 4414 620 4492 quidnam
635 4434 691 4492 per
704 4423 823 4494 tempus
835 4416 991 4494 illudque
1008 4436 1108 4494 neque
1124 4437 1185 4494 pax
1200 4435 1300 4494 neque
1315 4415 1429 4474 bellurn
