3252 5108
761 317 972 382 „42-

295 491 452 552 Valerium
467 492 625 552 Antiatem
647 493 801 570 pertinere
825 500 907 551 recte
936 491 1183 550 demonstrarunt
1204 488 1431 570 Ligbaldtusw)

294 588 551 672 Kiesslingius⁴¹)
574 587 724 672 Peter⁴²).

377 696 522 773 Denique
536 695 730 754 Eusebianus
746 695 770 752 is
785 693 876 753 locus
886 693 1095 772 respiciendus
1112 703 1166 766 est,
1184 715 1222 754 ex
1236 712 1296 772 qno
1309 695 1433 753 Momm-

293 797 396 856 senius
419 798 450 855 in
474 816 580 875 regum
594 797 801 854 Romanorum
823 795 1009 874 temporibus
1032 796 1244 874 computandis
1264 796 1436 858 Diodorum

295 918 356 956 non
379 899 477 969 solum
498 897 630 956 Fabium
652 897 817 970 Pictorem,
847 897 902 956 sed
931 897 1022 956 etiarn
1046 895 1202 956 Castorem
1231 906 1303 956 ante
1331 898 1435 956 oculos

293 999 436 1059 hahuisse
459 1001 523 1060 iure
546 999 605 1058 sibi
628 999 750 1059 videtur
771 999 965 1058 concludere.

328 1129 332 1138 ¹
378 1101 417 1159 In
444 1102 505 1160 fine
534 1102 616 1160 enim
644 1101 752 1178 capitis
781 1100 1008 1178 quadragesimi
1035 1100 1113 1158 sexti
1135 1099 1263 1158 Eusebii
1284 1100 1360 1160 haec
1384 1120 1434 1159 ex·

293 1210 374 1263 tant:

378 1303 430 1378 „A
451 1304 597 1377 Romulo,
622 1305 675 1382 qui
696 1304 824 1362 Romam
847 1303 1000 1374 condidit,
1025 1303 1056 1360 hi
1079 1322 1167 1381 regcs
1189 1301 1355 1361 habentur:

538 1405 564 1463 I.
601 1405 748 1463 Romulus
1015 1406 1103 1462 aunis
1149 1405 1188 1462 38

521 1507 565 1565 ΙΙ.
602 1507 703 1566 Numa
718 1505 885 1582 Pompilius
1050 1550 1067 1576 „
1148 1506 1187 1562 41

504 1607 564 1666 111.
603 1607 713 1665 'Pullus
729 1606 882 1666 Hostilius
1049 1649 1066 1676 „
1149 1609 1190 1664 30

515 1709 567 1766 lV.
605 1707 710 1766 Aucus
733 1708 854 1766 Marcus
1050 1751 1067 1777 „
1149 1707 1188 1764 33

528 1811 563 1869 v.
602 1794 790 1888 Tarquinius
1048 1852 1066 1880 ‚‚
1149 1808 1187 1865 37

512 1910 567 1969 VI.
606 1909 754 1969 Servilius
1048 1953 1066 1980 „
1146 1909 1187 1967 44

497 2011 568 2070 VII.
608 2011 796 2089 Tarquinius
820 2008 978 2088 Superbus
1049 2054 1067 2082 „
1149 2010 1189 2066 24

378 2113 420 2171 Hi
442 2123 558 2191 septem
587 2132 674 2190 reges
696 2133 714 2170 a
728 2113 858 2171 Romulo
880 2113 1059 2183 extiterunt,
1085 2130 1249 2190 eorumque
1266 2112 1433 2174 dominatio

293 2215 414 2274 sublata
437 2223 483 2272 est
505 2222 573 2292 post
595 2234 693 2273 annos
717 2213 788 2272 244.
819 2212 914 2271 Porro
943 2212 981 2272 ab
1003 2213 1061 2270 Ilio
1091 2221 1180 2291 capto
1209 2214 1248 2273 ad
1272 2213 1433 2274 Romulum
1514 2201 1519 2209 ¹

294 2317 368 2374 anni
390 2322 462 2373 sunt
484 2314 554 2386 441,
578 2333 694 2372 summa
716 2315 810 2392 igitur
832 2322 877 2372 est
900 2334 1050 2372 annorum
1073 2314 1167 2372 675.“

377 2416 416 2473 In
439 2416 602 2474 bisantem
624 2415 758 2472 numeris
781 2412 925 2499 adhibitis
955 2416 991 2474 iis
1019 2414 1186 2488 indicibus,
1216 2418 1323 2493 quiin
1347 2418 1431 2476 chro-

293 2519 431 2576 nicorum
453 2537 605 2575 canonum
628 2516 724 2574 altero
753 2514 831 2575 libro
860 2524 973 2588 extant,
998 2517 1117 2575 numeri
1141 2518 1181 2577 30
1209 2517 1241 2574 in
1265 2519 1313 2592 32,
1337 2519 1375 2577 33
1399 2520 1433 2577 in

293 2621 342 2692 23,
367 2619 406 2677 24
436 2621 468 2677 in
492 2619 531 2676 25
554 2617 695 2677 mutandi
715 2627 802 2689 sunt,
831 2618 874 2676 ita
896 2626 930 2675 ut
963 2638 1158 2677 numerorum
1182 2618 1290 2677 horum
1317 2640 1433 2696 summa

292 2723 332 2779 sit
353 2721 423 2794 241),
455 2728 614 2797 praeterea
643 2739 802 2778 numerum
818 2719 877 2775 441
902 2720 934 2780 in
956 2720 1015 2777 431
1048 2719 1226 2779 mutandum
1257 2741 1322 2780 esse
1352 2741 1431 2779 unus

293 2823 422 2900 quisque
443 2821 528 2881 videt
551 2818 626 2897 (675
642 2847 684 2868 =
701 2821 761 2878 244
778 2818 817 2897 -l-
834 2819 922 2897 431).

376 2922 479 3000 Atque
510 2923 593 2981 hunc
615 2922 825 2981 Eusebianum
853 2922 953 2980 locum
975 2923 1019 2981 ita
1040 2925 1182 2982 tractavit
1203 2923 1429 2998 Mommsenius,

292 3025 379 3103 quasi
412 3024 462 3083 hic
484 3023 690 3101 fragmentum
711 3023 901 3083 Diodoreum
933 3033 1087 3084 servatum
1120 3034 1208 3084 esset.
1250 3023 1325 3102 Pag.
1350 3026 1431 3083 enim

295 3127 353 3184 128
383 3126 459 3184 haec
493 3124 580 3184 dicit:
619 3125 759 3198 „Diodor
791 3124 841 3183 bei
864 3124 1025 3187 Eusebius.
1074 3126 1152 3185 Hier
1193 3127 1232 3184 ist
1269 3126 1318 3184 die
1356 3125 1430 3204 dop-

291 3227 373 3305 pelte
402 3225 513 3304 1166116
546 3227 632 3286 recht
658 3227 806 3299 deutlich,
843 3227 882 3286 da
916 3227 967 3288 die
1000 3227 1163 3287 einzelnen
1198 3227 1343 3287 Summen
1377 3228 1433 3287 der

292 3329 620 3407 Konigsregierungsn
649 3329 711 3388 240
733 3329 766 3387 J.
795 3327 956 3408 betragen,
988 3329 1038 3388 dic
1065 3329 1249 3408 Konigszeit
1277 3329 1351 3388 aher
1378 3331 1435 3388 auf

292 3430 353 3486 244
376 3427 474 3489 Jahre
497 3438 615 3508 gesetzt
639 3430 752 3505 wird“;
789 3438 820 3489 61
841 3451 912 3508 pag.
930 3431 990 3489 139
1013 3432 1056 3489 616
1082 3431 1230 3508 loquitur:
1266 3430 1429 3503 „Wesent-

290 3532 351 3590 lich
375 3531 534 3630 disselben
550 3531 667 3590 Zahlen
686 3529 739 3607 (sc.
756 3552 862 3610 regum
876 3529 1095 3608 Romanorum)
1112 3531 1214 3590 haben
1236 3532 1429 3590 1666661116-

291 3633 355 3705 dor,
381 3633 436 3691 der
457 3632 521 3691 sich
544 3633 620 3691 auch
643 3633 712 3691 hier
733 3633 778 3693 als
800 3642 908 3694 treucn
924 3632 1082 3693 Vertreter
1105 3633 1158 3692 des
1173 3633 1288 3692 Fabius
1311 3633 1430 3696 11611116-

291 3734 364 3792 det“
380 3741 447 3806 etc,
473 3742 503 3792 61
525 3735 557 3791 in
574 3734 773 3794 adnotatione
797 3736 970 3794 2571666111
984 3734 1269 3794 illaniodoreum
1292 3735 1431 3792 nominat

291 3835 416 3896 dicens:
446 3834 533 3908 „Der
550 3835 778 3894 Schreibfehler
793 3838 833 3895 im
857 3837 992 3896 diodor
1004 3837 1135 3894 ischen
1158 3836 1255 3894 ll'ext
1278 3837 1316 3894 33
1333 3833 1372 3912 -1-
1390 3837 1429 3895 33

289 3937 424 3997 6161132
448 3936 488 4015 -Ι-
512 3939 574 3997 23“
597 3947 654 3996 616.

375 4038 444 4117 Quo
469 4039 595 4098 deloco
619 4059 742 4117 prorsus
766 4039 855 4098 aliter
877 4040 987 4098 sentio.
