3252 5108
765 320 972 389 *20-

294 515 429 578 pugnam
457 497 678 581 Syracusarum
705 508 824 579 portum
853 499 1040 560 obstructum
1076 500 1170 559 fuisse
1200 521 1219 560 a
1246 500 1432 581 Thucydide

294 621 358 660 non
381 610 641 662 commemoratur.

378 703 416 762 In
439 704 615 782 insequenti
637 705 739 783 capite
761 723 873 782 pueros
896 722 1018 783 qnoque
1034 723 1128 762 naves
1151 704 1375 777 conscendisse,
1400 714 1434 763 ut

293 813 395 884 patres
418 814 593 883 pugnantes
616 805 814 877 adiuvarent,
838 814 993 878 narratur,
1018 805 1051 864 id
1073 805 1156 884 quod
1178 805 1378 886 Thucydides
1400 806 1433 864 in

293 905 365 965 libri
386 907 508 985 septimi
531 908 631 984 capite
653 907 964 986 undeseptuagesimo
989 927 1052 966 non
1074 906 1173 966 affert.

376 1007 450 1086 Ipsa
472 1017 575 1068 autem
597 1029 702 1087 pugna
724 1008 844 1068 navalis
860 1007 1012 1086 capitibus
1036 1009 1152 1068 decimo
1168 1009 1290 1087 quinto,
1316 1009 1432 1069 decimo

293 1117 393 1181 sexto,
425 1109 541 1169 decimo
572 1111 700 1188 septimo
729 1111 772 1169 ita
796 1108 992 1181 describitur,
1023 1118 1057 1168 ut
1084 1109 1240 1169 Diodorus
1268 1110 1301 1168 in
1324 1110 1433 1169 ceteris

293 1209 417 1287 quidem
439 1209 530 1270 rebus
558 1230 626 1270 cnm
648 1210 834 1290 Thucydide
856 1211 1023 1289 conspiret,
1050 1211 1083 1268 iu
1112 1229 1149 1270 ea
1177 1219 1280 1270 tamen
1303 1211 1432 1284 differat,

293 1311 391 1388 quod,
421 1331 488 1370 cum
516 1313 542 1370 is
570 1313 603 1369 in
633 1313 733 1390 capite
767 1313 994 1390 septuagesimo
1023 1312 1120 1372 altero
1148 1313 1310 1390 sexaginta
1338 1332 1433 1372 naves

292 1410 548 1486 Atheniensibus,
579 1414 679 1473 minus
702 1432 794 1492 quam
815 1415 1042 1498 quinquaginta
1064 1413 1267 1493 Syracusanis
1283 1413 1432 1472 restitisse

294 1535 332 1574 ex
354 1535 458 1593 pugna
481 1514 534 1573 illa
557 1515 651 1587 dicat,
676 1515 832 1575 Diodorus
854 1516 887 1574 in
916 1517 1017 1594 capite
1041 1516 1322 1594 decimoseptimo,
1346 1535 1432 1576 sexa·

293 1617 380 1694 ginta
348 1615 638 1676 tAtheniensium
653 1636 748 1676 naves
770 1617 911 1695 periisse,
937 1616 1199 1697 Syracusanorum
1220 1626 1286 1677 octo
1310 1634 1433 1695 prorsus

294 1725 468 1795 corruptas,
492 1717 680 1777 sedecimt
649 1717 768 1776 attritas
791 1737 858 1776 esse
881 1719 985 1778 refert.

376 1817 486 1897 Neque
508 1838 580 1877 vero
604 1818 636 1876 id
666 1818 972 1896 praetermittendum
995 1827 1062 1880 ιιι
1045 1819 1160 1900 ,quod
1183 1820 1223 1880 ad
1238 1763 1433 1900 Thucydidis

291 1920 382 1979 fidem
404 1919 633 1998 infringendam
663 1919 806 1977 nonnihil
832 1919 927 1992 valet,
956 1921 989 1978 in
1018 1920 1117 1998 capite
1087 1919 1433 1980 tduodevicesimoa

294 2023 430 2084 Diodoro
465 2023 596 2095 narrari,
626 2021 745 2081 Niciam
772 2020 976 2080 Demostheni
1010 2041 1106 2081 naves
1139 2023 1240 2082 statim
1267 2022 1432 2082 solvendas

249 2194 257 2207 .
292 2144 359 2184 esse
381 2125 520 2184 censenti
536 2125 731 2183 adversatum
753 2142 830 2182 esse.
860 2123 1061 2202 Thucydides
1084 2132 1186 2182 autem
1208 2124 1240 2181 in
1264 2123 1364 2202 capite
1385 2143 1431 2183 se·

292 2227 483 2304 ptuagesimo
506 2226 603 2284 altero
625 2225 747 2284 Niciam
768 2244 837 2283 cum
857 2224 1067 2284 Demosthene
1090 2224 1296 2297 consensisse,
1320 2224 1432 2286 milites

291 2347 364 2387 vero
388 2326 541 2386 obstitisse
563 2325 700 2386 tradidit.

376 2427 439 2506 Qui
462 2427 596 2504 denique
611 2426 694 2485 illius
710 2426 915 2505 expeditionis
932 2426 1030 2485 exitus
1045 2427 1153 2501 fuerit,
1176 2427 1208 2487 id
1223 2428 1266 2487 ita
1288 2427 1433 2488 describit

291 2530 461 2602 Diodorus,
486 2537 521 2587 ut
543 2548 606 2587 non
622 2528 720 2587 solum
743 2527 974 2606 aThucydide,
1000 2527 1164 2590 sedetiam
1186 2530 1224 2588 ab
1249 2551 1286 2590 ea
1300 2531 1429 2604 ratione,

291 2651 382 2711 quam
403 2633 469 2710 ipse
491 2631 580 2708 sequi
606 2630 698 2702 solet,
728 2630 905 2708 longissime
934 2629 1069 2690 recedat.
1106 2630 1185 2689 Nam
1218 2652 1285 2690 cum
1307 2632 1430 2713 Thucy·

292 2733 379 2792 dides
402 2733 484 2792 omni
508 2739 618 2790 ornatu
630 2740 732 2809 spreto
748 2733 781 2790 iu
797 2732 897 2810 capite
913 2733 1096 2811 octogesimo
1111 2741 1197 2794 sexto
1214 2733 1284 2791 libri
1298 2733 1429 2812 septimi,

292 2843 395 2912 captos
418 2832 654 2892 Atheniensium
676 2834 787 2892 milites
803 2834 835 2891 in
857 2833 997 2893 latomias
1017 2835 1158 2907 iniectos,
1182 2834 1303 2893 Niciam
1323 2843 1354 2893 et
1367 2834 1429 2892 De·

290 2935 482 2994 mosthenem
497 2935 620 2992 invito
638 2933 807 3013 Gylippo
823 2944 950 2996 necatos
974 2956 1039 2994 esse
1063 2944 1180 3009 narret,
1210 2934 1367 2995 Diodorus
1383 2934 1429 2995 Si·

291 3036 428 3094 culorum
443 3035 622 3094 concionem
636 3036 795 3115 proponit,
812 3036 845 3094 in
868 3056 943 3116 qua,
967 3037 1042 3115 quid
1057 3036 1299 3097 Atheniensibus
1314 3037 1429 3096 facien-

292 3138 363 3197 dum
379 3139 427 3211 sit,
444 3145 628 3216 quaerentes
644 3136 864 3196 diversissimas
879 3138 995 3216 singuli
1016 3139 1185 3197 sententias
1207 3140 1339 3198 afferunt
1353 3138 1428 3197 mul·

288 3241 389 3317 tisque
411 3239 512 3297 verbis
539 3237 669 3316 probare
701 3238 837 3298 student.
877 3239 980 3298 Diocli
1013 3239 1108 3311 enim,
1142 3240 1196 3317 qui
1224 3248 1299 3299 tunc
1313 3259 1429 3320 summa

290 3340 373 3419 apud
404 3339 525 3418 plebem
557 3341 656 3419 gratia
685 3339 843 3413 utebatur,
875 3340 1027 3399 milites
1018 3361 1051 3398 ιιι
1073 3340 1116 3399 lat
1104 3341 1212 3401 tomias
1235 3341 1427 3415 iniiciendos,

291 3442 383 3502 duces
413 3449 514 3501 autem
543 3441 701 3500 necandos
734 3462 800 3502 esse
828 3441 967 3501 censenti
943 3441 1223 3502 tHermocrates
1250 3443 1429 3504 adversatus

290 3551 345 3603 est.
393 3542 488 3602 Cuius
517 3544 654 3602 oratione
688 3563 756 3602 cum
789 3542 916 3622 plebs'
908 3552 1053 3602 nosceret
1054 3564 1157 3616 ur,r
1143 3544 1289 3603 Nicolaus
1322 3563 1426 3616 senex,

290 3646 342 3724 qui
371 3644 446 3704 duos
480 3645 513 3702 in
540 3644 621 3703 bello
651 3645 729 3704 filios
757 3645 913 3716 amiserat,
945 3645 1045 3704 extitit
1074 3643 1269 3724 Siculosque,
1300 3666 1338 3706 no
1366 3654 1429 3706 tam

289 3764 414 3804 saevum
436 3744 597 3803 consilium
619 3747 829 3825 conciperent,
852 3747 979 3805 monuit.
1016 3745 1073 3805 Oui
1097 3745 1251 3826 Gylippus
1274 3746 1427 3807 Lacedae·
1466 3787 1469 3794 ·

289 3847 423 3919 menius,
453 3864 515 3924 qua
543 3854 608 3905 erat
635 3847 667 3905 in
696 3846 903 3906 Athenienses
930 3847 977 3906 ira
999 3856 1091 3926 atque
1114 3848 1198 3921 odio,
1227 3857 1290 3908 tam
1318 3869 1428 3928 oppor-

289 3957 365 4007 tuna
395 3947 589 4007 Athenarum
621 3946 891 4027 opprimendarum
924 3951 1083 4009 occasione
1115 3952 1141 4008 si
1174 3969 1237 4008 non
1268 3959 1429 4010 uterentur

290 4048 399 4121 Siculi,
422 4048 628 4128 turpissimum
651 4049 717 4108 fore
739 4050 908 4128 respondit.
945 4050 1054 4128 Itaque
1077 4051 1190 4111 iactum
1212 4062 1271 4125 est,
1295 4044 1329 4111 ut
1350 4053 1427 4111 mili-

287 4159 335 4210 tes
356 4151 390 4208 in
411 4151 551 4210 latomias
573 4151 812 4224 in'truderentur,
827 4151 932 4210 Nicias
955 4160 986 4210 et
1005 4152 1228 4214 Demosthenes
1251 4154 1283 4213 in
1306 4173 1427 4213 carcere

290 4251 554 4312 obtruncarentur.

372 4336 442 4396 Hae
465 4346 567 4396 autem
583 4339 736 4397 orationes
760 4346 790 4397 et
805 4338 908 4398 omnia
930 4359 979 4412 ea,
1004 4359 1084 4418 quae
1099 4339 1255 4399 Diodorus
1279 4340 1317 4398 de
1333 4339 1427 4400 Athe-

289 4439 442 4501 niensium
472 4439 505 4500 in
534 4437 669 4500 Siciliam
699 4439 896 4520 expeditione
930 4442 1081 4515 narravit,
1115 4461 1248 4522 quonam
1275 4462 1314 4502 ex
1341 4443 1427 4502 fonte

834 4946 977 5083 A

1614 2459 1616 2532 l
