<?xml version="1.0" encoding="UTF-8"?>
<!DOCTYPE html PUBLIC "-//W3C//DTD XHTML 1.0 Transitional//EN"
    "http://www.w3.org/TR/xhtml1/DTD/xhtml1-transitional.dtd">
<html xmlns="http://www.w3.org/1999/xhtml" xml:lang="en" lang="en">
 <head>
  <title>
</title>
<meta http-equiv="Content-Type" content="text/html;charset=utf-8" />
  <meta name='ocr-system' content='tesseract 3.04.00' />
  <meta name='ocr-capabilities' content='ocr_page ocr_carea ocr_par ocr_line ocrx_word'/>
</head>
<body>
  <div class='ocr_page' id='page_1' title='image "./dediodorisiculi00collgoog_0024.png"; bbox 0 0 3252 5108; ppageno 0'>
   <div class='ocr_carea' id='block_1_1' title="bbox 677 341 883 404">
    <p class='ocr_par' dir='ltr' id='par_1_1' title="bbox 677 341 883 404">
     <span class='ocr_line' id='line_1_1' title="bbox 677 341 883 404; baseline -0.005 -16"><span class='ocrx_word' id='word_1_1' title='bbox 677 341 883 404; x_wconf 75' lang='lat'>-13-</span> 
     </span>
    </p>
   </div>
   <div class='ocr_carea' id='block_1_2' title="bbox 164 530 1352 999">
    <p class='ocr_par' dir='ltr' id='par_1_2' title="bbox 164 530 1352 999">
     <span class='ocr_line' id='line_1_2' title="bbox 164 530 1352 612; baseline -0.005 -18"><span class='ocrx_word' id='word_1_2' title='bbox 164 587 167 594; x_wconf 85' lang='lat'>.</span> <span class='ocrx_word' id='word_1_3' title='bbox 215 536 378 596; x_wconf 86' lang='lat' dir='ltr'><strong>aBrasida</strong></span> <span class='ocrx_word' id='word_1_4' title='bbox 393 537 424 594; x_wconf 90' lang='lat' dir='ltr'>in</span> <span class='ocrx_word' id='word_1_5' title='bbox 439 535 572 593; x_wconf 84' lang='lat' dir='ltr'><strong>Thracia</strong></span> <span class='ocrx_word' id='word_1_6' title='bbox 585 542 690 612; x_wconf 78' lang='lat' dir='ltr'>gestae</span> <span class='ocrx_word' id='word_1_7' title='bbox 707 532 928 604; x_wconf 86' lang='lat' dir='ltr'><strong>describuntur,</strong></span> <span class='ocrx_word' id='word_1_8' title='bbox 946 531 1111 590; x_wconf 82' lang='lat' dir='ltr'><strong>arctissime</strong></span> <span class='ocrx_word' id='word_1_9' title='bbox 1128 551 1195 589; x_wconf 92' lang='lat' dir='ltr'>cum</span> <span class='ocrx_word' id='word_1_10' title='bbox 1209 530 1255 601; x_wconf 86' lang='lat' dir='ltr'><strong>iis,</strong></span> <span class='ocrx_word' id='word_1_11' title='bbox 1273 546 1352 607; x_wconf 85' lang='lat' dir='ltr'><strong>quac</strong></span> 
     </span>
     <span class='ocr_line' id='line_1_3' title="bbox 215 633 1350 712; baseline -0.008 -15"><span class='ocrx_word' id='word_1_12' title='bbox 215 637 417 709; x_wconf 83' lang='lat' dir='ltr'><strong>antecedunt,</strong></span> <span class='ocrx_word' id='word_1_13' title='bbox 453 635 631 708; x_wconf 86' lang='lat' dir='ltr'><strong>cohaerere,</strong></span> <span class='ocrx_word' id='word_1_14' title='bbox 665 635 760 695; x_wconf 81' lang='lat' dir='ltr'><strong>verba</strong></span> <span class='ocrx_word' id='word_1_15' title='bbox 781 634 933 707; x_wconf 82' lang='lat' dir='ltr'><strong>Diodori,</strong></span> <span class='ocrx_word' id='word_1_16' title='bbox 968 651 1047 712; x_wconf 87' lang='lat' dir='ltr'><strong>quae</strong></span> <span class='ocrx_word' id='word_1_17' title='bbox 1080 633 1141 692; x_wconf 91' lang='lat' dir='ltr'>iam</span> <span class='ocrx_word' id='word_1_18' title='bbox 1173 637 1350 708; x_wconf 84' lang='lat' dir='ltr'><strong>sequuntur,</strong></span> 
     </span>
     <span class='ocr_line' id='line_1_4' title="bbox 214 732 1352 819; baseline -0.009 -21"><span class='ocrx_word' id='word_1_19' title='bbox 214 738 427 819; x_wconf 85' lang='lat' dir='ltr'><strong>Thucydideis</strong></span> <span class='ocrx_word' id='word_1_20' title='bbox 450 737 602 796; x_wconf 88' lang='lat' dir='ltr'><strong>simillima</strong></span> <span class='ocrx_word' id='word_1_21' title='bbox 625 757 687 795; x_wconf 87' lang='lat' dir='ltr'>non</span> <span class='ocrx_word' id='word_1_22' title='bbox 710 736 749 795; x_wconf 82' lang='lat' dir='ltr'>sd</span> <span class='ocrx_word' id='word_1_23' title='bbox 765 735 980 816; x_wconf 81' lang='lat' dir='ltr'><strong>Thucydidem</strong></span> <span class='ocrx_word' id='word_1_24' title='bbox 996 734 1051 794; x_wconf 90' lang='lat' dir='ltr'>sed</span> <span class='ocrx_word' id='word_1_25' title='bbox 1073 733 1114 793; x_wconf 88' lang='lat' dir='ltr'>ad</span> <span class='ocrx_word' id='word_1_26' title='bbox 1136 752 1206 793; x_wconf 88' lang='lat' dir='ltr'>eum</span> <span class='ocrx_word' id='word_1_27' title='bbox 1227 732 1352 808; x_wconf 82' lang='lat' dir='ltr'><strong>scripto-</strong></span> 
     </span>
     <span class='ocr_line' id='line_1_5' title="bbox 214 832 1352 917; baseline -0.008 -19"><span class='ocrx_word' id='word_1_28' title='bbox 214 861 293 912; x_wconf 83' lang='lat' dir='ltr'><strong>rem,</strong></span> <span class='ocrx_word' id='word_1_29' title='bbox 319 860 358 898; x_wconf 84' lang='lat' dir='ltr'>ex</span> <span class='ocrx_word' id='word_1_30' title='bbox 380 858 439 916; x_wconf 90' lang='lat' dir='ltr'>quo</span> <span class='ocrx_word' id='word_1_31' title='bbox 462 839 620 916; x_wconf 81' lang='lat' dir='ltr'><strong>superiora</strong></span> <span class='ocrx_word' id='word_1_32' title='bbox 643 839 745 917; x_wconf 81' lang='lat' dir='ltr'><strong>capita</strong></span> <span class='ocrx_word' id='word_1_33' title='bbox 768 837 907 897; x_wconf 84' lang='lat' dir='ltr'><strong>desumta</strong></span> <span class='ocrx_word' id='word_1_34' title='bbox 928 844 1008 908; x_wconf 86' lang='lat' dir='ltr'><strong>sunt,</strong></span> <span class='ocrx_word' id='word_1_35' title='bbox 1031 834 1190 914; x_wconf 82' lang='lat' dir='ltr'><strong>Ephorum</strong></span> <span class='ocrx_word' id='word_1_36' title='bbox 1214 832 1292 905; x_wconf 85' lang='lat' dir='ltr'><strong>dico,</strong></span> <span class='ocrx_word' id='word_1_37' title='bbox 1307 852 1352 889; x_wconf 88' lang='lat' dir='ltr'>re-</span> 
     </span>
     <span class='ocr_line' id='line_1_6' title="bbox 216 939 594 999; baseline 0 -1"><span class='ocrx_word' id='word_1_38' title='bbox 216 941 296 999; x_wconf 85' lang='lat' dir='ltr'><strong>ferre</strong></span> <span class='ocrx_word' id='word_1_39' title='bbox 319 961 408 999; x_wconf 89' lang='lat' dir='ltr'><strong>nemo</strong></span> <span class='ocrx_word' id='word_1_40' title='bbox 434 939 594 998; x_wconf 79' lang='lat' dir='ltr'><strong>dubitabit.</strong></span> 
     </span>
    </p>
   </div>
   <div class='ocr_carea' id='block_1_3' title="bbox 368 1084 1173 1153">
    <p class='ocr_par' dir='ltr' id='par_1_3' title="bbox 368 1084 1173 1153">
     <span class='ocr_line' id='line_1_7' title="bbox 368 1084 1173 1153; baseline -0.006 -14"><span class='ocrx_word' id='word_1_41' title='bbox 368 1089 452 1139; x_wconf 85' lang='lat' dir='ltr'><strong>Thuc.</strong></span> <span class='ocrx_word' id='word_1_42' title='bbox 470 1087 532 1152; x_wconf 88' lang='lat' dir='ltr'>(IV,</span> <span class='ocrx_word' id='word_1_43' title='bbox 553 1087 620 1153; x_wconf 81' lang='lat'>102).</span> <span class='ocrx_word' id='word_1_44' title='bbox 978 1084 1114 1136; x_wconf 77' lang='lat' dir='ltr'><strong>Diodorc.</strong></span> <span class='ocrx_word' id='word_1_45' title='bbox 1132 1086 1173 1136; x_wconf 87' lang='grc'>68.</span> 
     </span>
    </p>
   </div>
   <div class='ocr_carea' id='block_1_4' title="bbox 216 1202 1357 3093">
    <p class='ocr_par' dir='ltr' id='par_1_4' title="bbox 216 1202 1357 3093">
     <span class='ocr_line' id='line_1_8' title="bbox 260 1202 1354 1284; baseline -0.004 -15"><span class='ocrx_word' id='word_1_46' title='bbox 260 1204 621 1284; x_wconf 88' lang='grc' dir='ltr'>Βρα(ίδα(ἐ(τράτευ(εν</span> <span class='ocrx_word' id='word_1_47' title='bbox 633 1202 690 1267; x_wconf 80' lang='grc' dir='ltr'>ἐπ’</span> <span class='ocrx_word' id='word_1_48' title='bbox 701 1203 771 1282; x_wconf 81' lang='grc' dir='ltr'>Ἀμ-</span> <span class='ocrx_word' id='word_1_49' title='bbox 841 1202 1044 1279; x_wconf 83' lang='grc' dir='ltr'>ἐετράτευεεν</span> <span class='ocrx_word' id='word_1_50' title='bbox 1059 1202 1112 1267; x_wconf 86' lang='grc' dir='ltr'>ἐπὶ</span> <span class='ocrx_word' id='word_1_51' title='bbox 1126 1203 1183 1280; x_wconf 81' lang='grc' dir='ltr'>τὴν</span> <span class='ocrx_word' id='word_1_52' title='bbox 1199 1202 1354 1281; x_wconf 85' lang='grc' dir='ltr'>καλουμέ-</span> 
     </span>
     <span class='ocr_line' id='line_1_9' title="bbox 217 1303 1353 1386; baseline -0.001 -17"><span class='ocrx_word' id='word_1_53' title='bbox 217 1307 362 1386; x_wconf 89' lang='grc' dir='ltr'>φίπολιν.</span> <span class='ocrx_word' id='word_1_54' title='bbox 402 1307 440 1371; x_wconf 89' lang='grc' dir='ltr'>τὸ</span> <span class='ocrx_word' id='word_1_55' title='bbox 466 1308 502 1371; x_wconf 85' lang='grc' dir='ltr'>δὲ</span> <span class='ocrx_word' id='word_1_56' title='bbox 527 1306 648 1384; x_wconf 84' lang='grc' dir='ltr'>χωρίον</span> <span class='ocrx_word' id='word_1_57' title='bbox 674 1308 771 1369; x_wconf 84' lang='grc' dir='ltr'>τοῦτο</span> <span class='ocrx_word' id='word_1_58' title='bbox 799 1324 858 1381; x_wconf 92' lang='grc' dir='ltr'>νην</span> <span class='ocrx_word' id='word_1_59' title='bbox 874 1303 1074 1384; x_wconf 84' lang='grc' dir='ltr'>Ἀμφίπολιν.</span> <span class='ocrx_word' id='word_1_60' title='bbox 1103 1303 1222 1382; x_wconf 88' lang='grc' dir='ltr'>ταύτην</span> <span class='ocrx_word' id='word_1_61' title='bbox 1237 1306 1280 1381; x_wconf 82' lang='grc' dir='ltr'>Ιδὲ</span> <span class='ocrx_word' id='word_1_62' title='bbox 1295 1305 1353 1382; x_wconf 88' lang='grc' dir='ltr'>τὴν</span> 
     </span>
     <span class='ocr_line' id='line_1_10' title="bbox 217 1404 1354 1488; baseline -0.002 -17"><span class='ocrx_word' id='word_1_63' title='bbox 217 1407 274 1488; x_wconf 73' lang='grc' dir='ltr'>ἐφ’</span> <span class='ocrx_word' id='word_1_64' title='bbox 289 1406 329 1472; x_wconf 84' lang='grc' dir='ltr'>οὗ</span> <span class='ocrx_word' id='word_1_65' title='bbox 344 1411 404 1472; x_wconf 86' lang='grc' dir='ltr'>νῦν</span> <span class='ocrx_word' id='word_1_66' title='bbox 424 1407 444 1485; x_wconf 90' lang='grc' dir='ltr'>ἡ</span> <span class='ocrx_word' id='word_1_67' title='bbox 459 1408 553 1472; x_wconf 89' lang='grc' dir='ltr'>πόλι(</span> <span class='ocrx_word' id='word_1_68' title='bbox 567 1407 667 1488; x_wconf 83' lang='grc' dir='ltr'>έετὶν,</span> <span class='ocrx_word' id='word_1_69' title='bbox 688 1405 771 1470; x_wconf 86' lang='grc' dir='ltr'>ἐπεί·</span> <span class='ocrx_word' id='word_1_70' title='bbox 798 1404 895 1470; x_wconf 91' lang='grc' dir='ltr'>πόλιν</span> <span class='ocrx_word' id='word_1_71' title='bbox 911 1405 1072 1484; x_wconf 89' lang='grc' dir='ltr'>πρότερον</span> <span class='ocrx_word' id='word_1_72' title='bbox 1095 1404 1286 1485; x_wconf 85' lang='grc' dir='ltr'>ἐπεχείρι(εν</span> <span class='ocrx_word' id='word_1_73' title='bbox 1309 1405 1354 1469; x_wconf 84' lang='grc' dir='ltr'>οἰ-</span> 
     </span>
     <span class='ocr_line' id='line_1_11' title="bbox 218 1506 1355 1588; baseline -0.004 -16"><span class='ocrx_word' id='word_1_74' title='bbox 218 1529 292 1587; x_wconf 90' lang='grc' dir='ltr'>ρα(ε</span> <span class='ocrx_word' id='word_1_75' title='bbox 307 1511 364 1588; x_wconf 86' lang='grc' dir='ltr'>μὲν</span> <span class='ocrx_word' id='word_1_76' title='bbox 381 1511 432 1572; x_wconf 84' lang='grc' dir='ltr'>καὶ</span> <span class='ocrx_word' id='word_1_77' title='bbox 452 1508 614 1588; x_wconf 86' lang='grc' dir='ltr'>πρότερον</span> <span class='ocrx_word' id='word_1_78' title='bbox 635 1508 773 1586; x_wconf 83' lang='grc' dir='ltr'>Ἀριετα-</span> <span class='ocrx_word' id='word_1_79' title='bbox 799 1508 893 1574; x_wconf 83' lang='grc' dir='ltr'>κίζειν</span> <span class='ocrx_word' id='word_1_80' title='bbox 914 1506 1136 1587; x_wconf 84' lang='grc' dir='ltr'>Ἀριεταγόρα(</span> <span class='ocrx_word' id='word_1_81' title='bbox 1162 1506 1181 1571; x_wconf 89' lang='grc' dir='ltr'>ό</span> <span class='ocrx_word' id='word_1_82' title='bbox 1204 1507 1355 1584; x_wconf 84' lang='grc' dir='ltr'>Μιλήαο(</span> 
     </span>
     <span class='ocr_line' id='line_1_12' title="bbox 218 1608 1357 1690; baseline 0 -18"><span class='ocrx_word' id='word_1_83' title='bbox 218 1611 317 1688; x_wconf 93' lang='grc' dir='ltr'>γόρα(</span> <span class='ocrx_word' id='word_1_84' title='bbox 341 1611 359 1674; x_wconf 89' lang='grc' dir='ltr'>δ</span> <span class='ocrx_word' id='word_1_85' title='bbox 382 1610 534 1688; x_wconf 82' lang='grc' dir='ltr'>Μιλήειο(</span> <span class='ocrx_word' id='word_1_86' title='bbox 555 1609 689 1690; x_wconf 86' lang='grc' dir='ltr'>φεύγων</span> <span class='ocrx_word' id='word_1_87' title='bbox 705 1609 772 1672; x_wconf 90' lang='grc' dir='ltr'>Δα-</span> <span class='ocrx_word' id='word_1_88' title='bbox 800 1609 932 1688; x_wconf 88' lang='grc' dir='ltr'>φεύγων</span> <span class='ocrx_word' id='word_1_89' title='bbox 962 1608 1106 1686; x_wconf 83' lang='grc' dir='ltr'>Δαρεῖον</span> <span class='ocrx_word' id='word_1_90' title='bbox 1141 1610 1200 1673; x_wconf 91' lang='grc' dir='ltr'>τόν</span> <span class='ocrx_word' id='word_1_91' title='bbox 1231 1608 1357 1687; x_wconf 83' lang='grc' dir='ltr'>βααλέα</span> 
     </span>
     <span class='ocr_line' id='line_1_13' title="bbox 219 1709 1356 1791; baseline -0.004 -15"><span class='ocrx_word' id='word_1_92' title='bbox 219 1715 308 1790; x_wconf 86' lang='grc' dir='ltr'>ρεῖαν</span> <span class='ocrx_word' id='word_1_93' title='bbox 337 1713 395 1775; x_wconf 91' lang='grc' dir='ltr'>τόν</span> <span class='ocrx_word' id='word_1_94' title='bbox 433 1711 559 1791; x_wconf 85' lang='grc' dir='ltr'>βαειλέα</span> <span class='ocrx_word' id='word_1_95' title='bbox 592 1710 773 1791; x_wconf 84' lang='grc' dir='ltr'>κατοικίεαι,</span> <span class='ocrx_word' id='word_1_96' title='bbox 799 1714 865 1774; x_wconf 91' lang='grc' dir='ltr'>τῶν</span> <span class='ocrx_word' id='word_1_97' title='bbox 879 1710 1024 1786; x_wconf 85' lang='grc' dir='ltr'>Περεῶν.</span> <span class='ocrx_word' id='word_1_98' title='bbox 1054 1709 1178 1774; x_wconf 86' lang='grc' dir='ltr'>ἐκείνου</span> <span class='ocrx_word' id='word_1_99' title='bbox 1198 1712 1234 1773; x_wconf 84' lang='grc' dir='ltr'>δὲ</span> <span class='ocrx_word' id='word_1_100' title='bbox 1249 1713 1356 1774; x_wconf 86' lang='grc' dir='ltr'>τελευ-</span> 
     </span>
     <span class='ocr_line' id='line_1_14' title="bbox 217 1810 1354 1890; baseline -0.002 -13"><span class='ocrx_word' id='word_1_101' title='bbox 217 1813 293 1878; x_wconf 78' lang='grc' dir='ltr'>ἀλλ’</span> <span class='ocrx_word' id='word_1_102' title='bbox 309 1812 373 1878; x_wconf 89' lang='grc' dir='ltr'>ὑπὸ</span> <span class='ocrx_word' id='word_1_103' title='bbox 385 1817 450 1877; x_wconf 92' lang='grc' dir='ltr'>τῶν</span> <span class='ocrx_word' id='word_1_104' title='bbox 462 1813 617 1876; x_wconf 86' lang='grc' dir='ltr'>Ἠδωνῶν</span> <span class='ocrx_word' id='word_1_105' title='bbox 630 1811 773 1890; x_wconf 80' lang='grc' dir='ltr'>ἐξεκρού-</span> <span class='ocrx_word' id='word_1_106' title='bbox 799 1811 954 1889; x_wconf 90' lang='grc' dir='ltr'>τή(αντο(</span> <span class='ocrx_word' id='word_1_107' title='bbox 967 1811 1017 1874; x_wconf 83' lang='grc' dir='ltr'>καὶ</span> <span class='ocrx_word' id='word_1_108' title='bbox 1032 1815 1097 1874; x_wconf 92' lang='grc' dir='ltr'>τῶν</span> <span class='ocrx_word' id='word_1_109' title='bbox 1114 1810 1290 1889; x_wconf 85' lang='grc' dir='ltr'>οἰκητόρων</span> <span class='ocrx_word' id='word_1_110' title='bbox 1306 1811 1354 1875; x_wconf 88' lang='grc' dir='ltr'>έκ-</span> 
     </span>
     <span class='ocr_line' id='line_1_15' title="bbox 218 1912 1355 1995; baseline -0.003 -15"><span class='ocrx_word' id='word_1_111' title='bbox 218 1921 286 1994; x_wconf 91' lang='grc' dir='ltr'>(θη·</span> <span class='ocrx_word' id='word_1_112' title='bbox 311 1915 421 1980; x_wconf 84' lang='grc' dir='ltr'>ἔπειτα</span> <span class='ocrx_word' id='word_1_113' title='bbox 437 1914 539 1977; x_wconf 79' lang='grc' dir='ltr'>δὲκαὶ</span> <span class='ocrx_word' id='word_1_114' title='bbox 561 1912 591 1976; x_wconf 83' lang='grc' dir='ltr'>οἱ</span> <span class='ocrx_word' id='word_1_115' title='bbox 612 1913 772 1991; x_wconf 82' lang='grc' dir='ltr'>Ἀθηναῖοι</span> <span class='ocrx_word' id='word_1_116' title='bbox 800 1912 964 1976; x_wconf 91' lang='grc' dir='ltr'>πε(όντων</span> <span class='ocrx_word' id='word_1_117' title='bbox 981 1912 1045 1976; x_wconf 88' lang='grc' dir='ltr'>ὑπὸ</span> <span class='ocrx_word' id='word_1_118' title='bbox 1061 1919 1126 1978; x_wconf 95' lang='grc' dir='ltr'>τῶν</span> <span class='ocrx_word' id='word_1_119' title='bbox 1139 1912 1275 1995; x_wconf 85' lang='grc' dir='ltr'>Θρῃκῶν</span> <span class='ocrx_word' id='word_1_120' title='bbox 1289 1919 1355 1978; x_wconf 92' lang='grc' dir='ltr'>τῶν</span> 
     </span>
     <span class='ocr_line' id='line_1_16' title="bbox 218 2013 1356 2094; baseline 0 -15"><span class='ocrx_word' id='word_1_121' title='bbox 218 2016 299 2080; x_wconf 77' lang='grc' dir='ltr'>ἔτεα</span> <span class='ocrx_word' id='word_1_122' title='bbox 325 2016 394 2079; x_wconf 85' lang='grc' dir='ltr'>δυεὶ</span> <span class='ocrx_word' id='word_1_123' title='bbox 421 2015 472 2078; x_wconf 84' lang='grc' dir='ltr'>καὶ</span> <span class='ocrx_word' id='word_1_124' title='bbox 495 2014 666 2092; x_wconf 90' lang='grc' dir='ltr'>τριάκοντα</span> <span class='ocrx_word' id='word_1_125' title='bbox 686 2013 773 2078; x_wconf 68' lang='lat' dir='ltr'><strong>tere·</strong></span> <span class='ocrx_word' id='word_1_126' title='bbox 802 2013 1051 2092; x_wconf 83' lang='grc' dir='ltr'>ὀνομαζομένων</span> <span class='ocrx_word' id='word_1_127' title='bbox 1087 2014 1241 2079; x_wconf 85' lang='grc' dir='ltr'>Ἠδωνῶν</span> <span class='ocrx_word' id='word_1_128' title='bbox 1278 2015 1356 2094; x_wconf 87' lang='grc' dir='ltr'>μετὰ</span> 
     </span>
     <span class='ocr_line' id='line_1_17' title="bbox 220 2114 1356 2196; baseline 0 -16"><span class='ocrx_word' id='word_1_129' title='bbox 220 2137 280 2195; x_wconf 91' lang='grc' dir='ltr'>ρον</span> <span class='ocrx_word' id='word_1_130' title='bbox 305 2116 454 2181; x_wconf 86' lang='grc' dir='ltr'>έποίκου(</span> <span class='ocrx_word' id='word_1_131' title='bbox 476 2115 607 2195; x_wconf 88' lang='grc' dir='ltr'>μυρίου(</span> <span class='ocrx_word' id='word_1_132' title='bbox 628 2119 719 2195; x_wconf 94' lang='grc' dir='ltr'>(φῶν</span> <span class='ocrx_word' id='word_1_133' title='bbox 739 2135 774 2179; x_wconf 87' lang='grc' dir='ltr'>τε</span> <span class='ocrx_word' id='word_1_134' title='bbox 800 2119 900 2178; x_wconf 84' lang='grc' dir='ltr'>ταῦτα</span> <span class='ocrx_word' id='word_1_135' title='bbox 915 2114 994 2178; x_wconf 80' lang='grc' dir='ltr'>ἔτεα</span> <span class='ocrx_word' id='word_1_136' title='bbox 1012 2115 1080 2179; x_wconf 88' lang='grc' dir='ltr'>δυ(ὶ</span> <span class='ocrx_word' id='word_1_137' title='bbox 1094 2116 1176 2196; x_wconf 91' lang='grc' dir='ltr'>πρὸ(</span> <span class='ocrx_word' id='word_1_138' title='bbox 1187 2118 1255 2180; x_wconf 82' lang='grc' dir='ltr'>τοί(</span> <span class='ocrx_word' id='word_1_139' title='bbox 1270 2115 1356 2195; x_wconf 87' lang='grc' dir='ltr'>τριά-</span> 
     </span>
     <span class='ocr_line' id='line_1_18' title="bbox 219 2215 1356 2297; baseline 0.002 -18"><span class='ocrx_word' id='word_1_140' title='bbox 219 2217 329 2282; x_wconf 84' lang='grc' dir='ltr'>αὐτῶν</span> <span class='ocrx_word' id='word_1_141' title='bbox 345 2217 476 2282; x_wconf 87' lang='grc' dir='ltr'>καὶτῶν</span> <span class='ocrx_word' id='word_1_142' title='bbox 497 2215 606 2281; x_wconf 85' lang='grc' dir='ltr'>ἄλλων</span> <span class='ocrx_word' id='word_1_143' title='bbox 621 2221 686 2281; x_wconf 91' lang='grc' dir='ltr'>τῶν</span> <span class='ocrx_word' id='word_1_144' title='bbox 703 2221 775 2294; x_wconf 87' lang='grc' dir='ltr'>βου·</span> <span class='ocrx_word' id='word_1_145' title='bbox 801 2238 900 2282; x_wconf 86' lang='grc' dir='ltr'>κοντα</span> <span class='ocrx_word' id='word_1_146' title='bbox 915 2217 1073 2294; x_wconf 84' lang='grc' dir='ltr'>Ἀθηναῖοι</span> <span class='ocrx_word' id='word_1_147' title='bbox 1089 2217 1220 2297; x_wconf 89' lang='grc' dir='ltr'>μορίου(</span> <span class='ocrx_word' id='word_1_148' title='bbox 1233 2216 1356 2295; x_wconf 87' lang='grc' dir='ltr'>οἰκήτο-</span> 
     </span>
     <span class='ocr_line' id='line_1_19' title="bbox 220 2317 1356 2399; baseline 0.002 -19"><span class='ocrx_word' id='word_1_149' title='bbox 220 2319 368 2397; x_wconf 89' lang='grc' dir='ltr'>λομένων</span> <span class='ocrx_word' id='word_1_150' title='bbox 405 2318 607 2399; x_wconf 90' lang='grc' dir='ltr'>πέμψαντε(,</span> <span class='ocrx_word' id='word_1_151' title='bbox 643 2317 676 2381; x_wconf 88' lang='grc' dir='ltr'>οἳ</span> <span class='ocrx_word' id='word_1_152' title='bbox 711 2320 773 2381; x_wconf 91' lang='grc' dir='ltr'>διε-</span> <span class='ocrx_word' id='word_1_153' title='bbox 800 2317 916 2395; x_wconf 92' lang='grc' dir='ltr'>ρα(εἰ(</span> <span class='ocrx_word' id='word_1_154' title='bbox 933 2317 1032 2395; x_wconf 88' lang='grc' dir='ltr'>αὐτὴν</span> <span class='ocrx_word' id='word_1_155' title='bbox 1049 2317 1246 2396; x_wconf 84' lang='grc' dir='ltr'>ἐξέπεμψαν·</span> <span class='ocrx_word' id='word_1_156' title='bbox 1268 2317 1356 2397; x_wconf 85' lang='grc' dir='ltr'>ὁμοί-</span> 
     </span>
     <span class='ocr_line' id='line_1_20' title="bbox 219 2417 1354 2503; baseline -0.001 -19"><span class='ocrx_word' id='word_1_157' title='bbox 219 2419 385 2500; x_wconf 83' lang='grc' dir='ltr'>φθὰρηεαν</span> <span class='ocrx_word' id='word_1_158' title='bbox 421 2418 456 2483; x_wconf 85' lang='grc' dir='ltr'>ἐν</span> <span class='ocrx_word' id='word_1_159' title='bbox 499 2419 672 2501; x_wconf 87' lang='grc' dir='ltr'>Θραβή(κῳ</span> <span class='ocrx_word' id='word_1_160' title='bbox 707 2417 772 2481; x_wconf 85' lang='grc' dir='ltr'>ὑπὸ</span> <span class='ocrx_word' id='word_1_161' title='bbox 800 2437 844 2482; x_wconf 93' lang='grc' dir='ltr'>ω(</span> <span class='ocrx_word' id='word_1_162' title='bbox 859 2419 895 2482; x_wconf 86' lang='grc' dir='ltr'>δὲ</span> <span class='ocrx_word' id='word_1_163' title='bbox 910 2419 962 2483; x_wconf 85' lang='grc' dir='ltr'>καὶ</span> <span class='ocrx_word' id='word_1_164' title='bbox 977 2418 1105 2484; x_wconf 90' lang='grc' dir='ltr'>τοιίτων</span> <span class='ocrx_word' id='word_1_165' title='bbox 1117 2419 1181 2483; x_wconf 87' lang='grc' dir='ltr'>ὑπὸ</span> <span class='ocrx_word' id='word_1_166' title='bbox 1191 2425 1259 2484; x_wconf 90' lang='grc' dir='ltr'>τῶν</span> <span class='ocrx_word' id='word_1_167' title='bbox 1272 2420 1354 2503; x_wconf 88' lang='grc' dir='ltr'>Θρᾳ-</span> 
     </span>
     <span class='ocr_line' id='line_1_21' title="bbox 219 2517 1356 2606; baseline -0.001 -20"><span class='ocrx_word' id='word_1_168' title='bbox 219 2522 354 2606; x_wconf 88' lang='grc' dir='ltr'>Θρῃκῶν</span> <span class='ocrx_word' id='word_1_169' title='bbox 370 2520 421 2584; x_wconf 88' lang='grc' dir='ltr'>καὶ</span> <span class='ocrx_word' id='word_1_170' title='bbox 435 2517 525 2584; x_wconf 84' lang='grc' dir='ltr'>αὖθι(</span> <span class='ocrx_word' id='word_1_171' title='bbox 545 2519 619 2585; x_wconf 89' lang='grc' dir='ltr'>ἑνὸ(</span> <span class='ocrx_word' id='word_1_172' title='bbox 639 2519 772 2584; x_wconf 90' lang='grc' dir='ltr'>δέοντο(</span> <span class='ocrx_word' id='word_1_173' title='bbox 799 2526 865 2585; x_wconf 91' lang='grc' dir='ltr'>κῶν</span> <span class='ocrx_word' id='word_1_174' title='bbox 895 2520 1140 2599; x_wconf 80' lang='grc' dir='ltr'>διαφθαρέντων</span> <span class='ocrx_word' id='word_1_175' title='bbox 1170 2521 1247 2598; x_wconf 81' lang='grc' dir='ltr'>περὶ</span> <span class='ocrx_word' id='word_1_176' title='bbox 1272 2519 1356 2598; x_wconf 88' lang='grc' dir='ltr'>θρά-</span> 
     </span>
     <span class='ocr_line' id='line_1_22' title="bbox 217 2619 1356 2705; baseline 0 -19"><span class='ocrx_word' id='word_1_177' title='bbox 217 2628 391 2705; x_wconf 83' lang='grc' dir='ltr'>τριακοετῷ</span> <span class='ocrx_word' id='word_1_178' title='bbox 402 2621 464 2686; x_wconf 85' lang='grc' dir='ltr'>ἔτει</span> <span class='ocrx_word' id='word_1_179' title='bbox 477 2621 626 2686; x_wconf 79' lang='grc' dir='ltr'>ἐλθόντε(</span> <span class='ocrx_word' id='word_1_180' title='bbox 639 2619 669 2684; x_wconf 83' lang='grc' dir='ltr'>οἱ</span> <span class='ocrx_word' id='word_1_181' title='bbox 683 2621 772 2699; x_wconf 86' lang='grc' dir='ltr'>Ἀθη·</span> <span class='ocrx_word' id='word_1_182' title='bbox 801 2627 916 2702; x_wconf 86' lang='grc' dir='ltr'>βη(κον</span> <span class='ocrx_word' id='word_1_183' title='bbox 933 2621 1133 2685; x_wconf 92' lang='grc' dir='ltr'>διαλιπόντε(</span> <span class='ocrx_word' id='word_1_184' title='bbox 1149 2620 1203 2699; x_wconf 82' lang='grc' dir='ltr'>ἔτη</span> <span class='ocrx_word' id='word_1_185' title='bbox 1220 2621 1280 2684; x_wconf 87' lang='grc' dir='ltr'>δύο</span> <span class='ocrx_word' id='word_1_186' title='bbox 1296 2621 1356 2686; x_wconf 89' lang='grc' dir='ltr'>πά-</span> 
     </span>
     <span class='ocr_line' id='line_1_23' title="bbox 217 2721 1356 2802; baseline -0.002 -14"><span class='ocrx_word' id='word_1_187' title='bbox 217 2726 301 2789; x_wconf 89' lang='grc' dir='ltr'>ναῖοι</span> <span class='ocrx_word' id='word_1_188' title='bbox 316 2725 484 2799; x_wconf 88' lang='grc' dir='ltr'>Ἅγνωνα(</span> <span class='ocrx_word' id='word_1_189' title='bbox 499 2726 557 2786; x_wconf 86' lang='grc' dir='ltr'>τοῦ</span> <span class='ocrx_word' id='word_1_190' title='bbox 571 2721 679 2786; x_wconf 87' lang='grc' dir='ltr'>Νικίου</span> <span class='ocrx_word' id='word_1_191' title='bbox 695 2742 772 2802; x_wconf 92' lang='grc' dir='ltr'>πεμ-</span> <span class='ocrx_word' id='word_1_192' title='bbox 801 2727 850 2786; x_wconf 91' lang='grc' dir='ltr'>λιν</span> <span class='ocrx_word' id='word_1_193' title='bbox 865 2721 1036 2799; x_wconf 86' lang='grc' dir='ltr'>ἐκτή(αντο</span> <span class='ocrx_word' id='word_1_194' title='bbox 1059 2723 1117 2800; x_wconf 89' lang='grc' dir='ltr'>τὴν</span> <span class='ocrx_word' id='word_1_195' title='bbox 1132 2723 1227 2787; x_wconf 93' lang='grc' dir='ltr'>πόλιν</span> <span class='ocrx_word' id='word_1_196' title='bbox 1244 2722 1356 2786; x_wconf 86' lang='grc' dir='ltr'>Ἀπίω-</span> 
     </span>
     <span class='ocr_line' id='line_1_24' title="bbox 216 2823 1356 2905; baseline 0.001 -16"><span class='ocrx_word' id='word_1_197' title='bbox 216 2826 357 2905; x_wconf 90' lang='grc' dir='ltr'>φθέντο(</span> <span class='ocrx_word' id='word_1_198' title='bbox 379 2824 516 2889; x_wconf 85' lang='grc' dir='ltr'>οἰκι(τοθ</span> <span class='ocrx_word' id='word_1_199' title='bbox 537 2823 686 2889; x_wconf 89' lang='grc' dir='ltr'>Ἤδωνα(</span> <span class='ocrx_word' id='word_1_200' title='bbox 707 2823 771 2891; x_wconf 68' lang='lat' dir='ltr'>ue·</span> <span class='ocrx_word' id='word_1_201' title='bbox 800 2845 858 2889; x_wconf 90' lang='grc' dir='ltr'>νο(</span> <span class='ocrx_word' id='word_1_202' title='bbox 876 2825 985 2905; x_wconf 85' lang='lat' dir='ltr'><strong>(certe:</strong></span> <span class='ocrx_word' id='word_1_203' title='bbox 1013 2823 1192 2905; x_wconf 63' lang='grc' dir='ltr'>Ἅγνωνα)</span> <span class='ocrx_word' id='word_1_204' title='bbox 1220 2824 1356 2904; x_wconf 88' lang='grc' dir='ltr'>ἡγουμέ-</span> 
     </span>
     <span class='ocr_line' id='line_1_25' title="bbox 217 2924 870 3005; baseline -0.005 -14"><span class='ocrx_word' id='word_1_205' title='bbox 217 2927 370 2992; x_wconf 85' lang='grc' dir='ltr'>λάεαντε(</span> <span class='ocrx_word' id='word_1_206' title='bbox 410 2925 533 2990; x_wconf 83' lang='grc' dir='ltr'>ἔκτιεαν</span> <span class='ocrx_word' id='word_1_207' title='bbox 573 2925 610 2988; x_wconf 89' lang='grc' dir='ltr'>τὸ</span> <span class='ocrx_word' id='word_1_208' title='bbox 652 2924 773 3005; x_wconf 91' lang='grc' dir='ltr'>χωρίον</span> <span class='ocrx_word' id='word_1_209' title='bbox 801 2946 870 2993; x_wconf 91' lang='grc' dir='ltr'>νου.</span> 
     </span>
     <span class='ocr_line' id='line_1_26' title="bbox 216 3032 385 3093; baseline -0.03 0"><span class='ocrx_word' id='word_1_210' title='bbox 216 3032 324 3093; x_wconf 84' lang='grc' dir='ltr'>τοῦτο.</span> <span class='ocrx_word' id='word_1_211' title='bbox 383 3083 385 3088; x_wconf 31' lang='lat'><em>2</em></span> 
     </span>
    </p>
   </div>
   <div class='ocr_carea' id='block_1_5' title="bbox 216 3163 1363 4355">
    <p class='ocr_par' dir='ltr' id='par_1_5' title="bbox 218 3163 1363 3646">
     <span class='ocr_line' id='line_1_27' title="bbox 301 3163 1355 3246; baseline 0.002 -23"><span class='ocrx_word' id='word_1_212' title='bbox 301 3166 466 3225; x_wconf 86' lang='lat' dir='ltr'><strong>Praeterea</strong></span> <span class='ocrx_word' id='word_1_213' title='bbox 488 3166 689 3246; x_wconf 83' lang='lat' dir='ltr'><strong>Thucydides</strong></span> <span class='ocrx_word' id='word_1_214' title='bbox 714 3163 782 3243; x_wconf 81' lang='lat' dir='ltr'>(IV,</span> <span class='ocrx_word' id='word_1_215' title='bbox 809 3167 879 3239; x_wconf 86' lang='lat'>109)</span> <span class='ocrx_word' id='word_1_216' title='bbox 911 3166 949 3225; x_wconf 89' lang='lat' dir='ltr'>de</span> <span class='ocrx_word' id='word_1_217' title='bbox 977 3164 1103 3224; x_wconf 86' lang='lat' dir='ltr'><strong>urbibus</strong></span> <span class='ocrx_word' id='word_1_218' title='bbox 1126 3163 1224 3223; x_wconf 80' lang='lat' dir='ltr'><strong>Actae</strong></span> <span class='ocrx_word' id='word_1_219' title='bbox 1247 3167 1355 3244; x_wconf 85' lang='lat' dir='ltr'><strong>penin-</strong></span> 
     </span>
     <span class='ocr_line' id='line_1_28' title="bbox 221 3261 1363 3348; baseline 0.003 -22"><span class='ocrx_word' id='word_1_220' title='bbox 221 3268 307 3327; x_wconf 85' lang='lat' dir='ltr'><strong>suiae</strong></span> <span class='ocrx_word' id='word_1_221' title='bbox 330 3287 425 3345; x_wconf 85' lang='lat' dir='ltr'><strong>agens</strong></span> <span class='ocrx_word' id='word_1_222' title='bbox 448 3266 524 3326; x_wconf 86' lang='lat' dir='ltr'><strong>haec</strong></span> <span class='ocrx_word' id='word_1_223' title='bbox 545 3266 641 3326; x_wconf 85' lang='lat' dir='ltr'><strong>verbe</strong></span> <span class='ocrx_word' id='word_1_224' title='bbox 664 3266 803 3326; x_wconf 84' lang='lat' dir='ltr'><strong>exhibet:</strong></span> <span class='ocrx_word' id='word_1_225' title='bbox 832 3264 866 3326; x_wconf 83' lang='grc' dir='ltr'>αἳ</span> <span class='ocrx_word' id='word_1_226' title='bbox 892 3263 1054 3327; x_wconf 83' lang='grc' dir='ltr'>οἰκοῦνται</span> <span class='ocrx_word' id='word_1_227' title='bbox 1075 3261 1250 3341; x_wconf 81' lang='grc' dir='ltr'>(υμμίκτοιε</span> <span class='ocrx_word' id='word_1_228' title='bbox 1271 3262 1363 3348; x_wconf 78' lang='grc' dir='ltr'>ἔθνε-Ι</span> 
     </span>
     <span class='ocr_line' id='line_1_29' title="bbox 218 3363 1356 3447; baseline -0.001 -18"><span class='ocrx_word' id='word_1_229' title='bbox 218 3386 245 3430; x_wconf 87' lang='grc' dir='ltr'>(ι</span> <span class='ocrx_word' id='word_1_230' title='bbox 268 3363 439 3445; x_wconf 85' lang='grc' dir='ltr'>βαρβάρων</span> <span class='ocrx_word' id='word_1_231' title='bbox 467 3364 668 3447; x_wconf 80' lang='grc' dir='ltr'>διγλώττων,</span> <span class='ocrx_word' id='word_1_232' title='bbox 697 3369 831 3447; x_wconf 88' lang='lat' dir='ltr'><strong>quaein</strong></span> <span class='ocrx_word' id='word_1_233' title='bbox 856 3367 1042 3427; x_wconf 89' lang='lat' dir='ltr'><strong>bibliotheca</strong></span> <span class='ocrx_word' id='word_1_234' title='bbox 1065 3387 1188 3447; x_wconf 86' lang='lat' dir='ltr'><strong>prorsus</strong></span> <span class='ocrx_word' id='word_1_235' title='bbox 1216 3369 1281 3428; x_wconf 85' lang='lat' dir='ltr'><strong>fere</strong></span> <span class='ocrx_word' id='word_1_236' title='bbox 1308 3390 1356 3428; x_wconf 83' lang='lat' dir='ltr'>ee-</span> 
     </span>
     <span class='ocr_line' id='line_1_30' title="bbox 219 3462 1357 3547; baseline 0.003 -18"><span class='ocrx_word' id='word_1_237' title='bbox 219 3471 288 3529; x_wconf 87' lang='lat' dir='ltr'>dem</span> <span class='ocrx_word' id='word_1_238' title='bbox 305 3471 404 3528; x_wconf 85' lang='lat' dir='ltr'><strong>forma</strong></span> <span class='ocrx_word' id='word_1_239' title='bbox 420 3477 601 3528; x_wconf 86' lang='lat' dir='ltr'><strong>conservata</strong></span> <span class='ocrx_word' id='word_1_240' title='bbox 616 3477 696 3542; x_wconf 86' lang='lat' dir='ltr'><strong>eunt,</strong></span> <span class='ocrx_word' id='word_1_241' title='bbox 714 3469 769 3528; x_wconf 88' lang='lat' dir='ltr'>ubi</span> <span class='ocrx_word' id='word_1_242' title='bbox 782 3468 859 3528; x_wconf 88' lang='lat' dir='ltr'><strong>haee</strong></span> <span class='ocrx_word' id='word_1_243' title='bbox 875 3470 1033 3547; x_wconf 83' lang='lat' dir='ltr'><strong>leguntur:</strong></span> <span class='ocrx_word' id='word_1_244' title='bbox 1057 3465 1091 3527; x_wconf 91' lang='grc' dir='ltr'>αἳ</span> <span class='ocrx_word' id='word_1_245' title='bbox 1105 3465 1133 3528; x_wconf 83' lang='grc' dir='ltr'>δ’</span> <span class='ocrx_word' id='word_1_246' title='bbox 1149 3462 1240 3542; x_wconf 79' lang='grc' dir='ltr'>εἶχον</span> <span class='ocrx_word' id='word_1_247' title='bbox 1255 3463 1357 3543; x_wconf 87' lang='grc' dir='ltr'>ὄχλον</span> 
     </span>
     <span class='ocr_line' id='line_1_31' title="bbox 218 3566 664 3646; baseline -0.007 -15"><span class='ocrx_word' id='word_1_248' title='bbox 218 3566 388 3646; x_wconf 89' lang='grc' dir='ltr'>βαρβάρων</span> <span class='ocrx_word' id='word_1_249' title='bbox 404 3566 596 3642; x_wconf 86' lang='grc' dir='ltr'>διγλώττων.</span> <span class='ocrx_word' id='word_1_250' title='bbox 662 3595 664 3600; x_wconf 35' lang='lat' dir='ltr'>v</span> 
     </span>
    </p>

    <p class='ocr_par' dir='ltr' id='par_1_6' title="bbox 218 3669 1358 4153">
     <span class='ocr_line' id='line_1_32' title="bbox 302 3669 1357 3750; baseline 0.001 -20"><span class='ocrx_word' id='word_1_251' title='bbox 302 3672 341 3730; x_wconf 89' lang='lat' dir='ltr'>In</span> <span class='ocrx_word' id='word_1_252' title='bbox 362 3671 424 3731; x_wconf 86' lang='lat' dir='ltr'>fine</span> <span class='ocrx_word' id='word_1_253' title='bbox 453 3671 587 3750; x_wconf 87' lang='lat' dir='ltr'><strong>denique</strong></span> <span class='ocrx_word' id='word_1_254' title='bbox 615 3672 696 3731; x_wconf 88' lang='lat' dir='ltr'><strong>iliius</strong></span> <span class='ocrx_word' id='word_1_255' title='bbox 725 3671 834 3749; x_wconf 82' lang='lat' dir='ltr'><strong>capitis</strong></span> <span class='ocrx_word' id='word_1_256' title='bbox 863 3671 946 3748; x_wconf 87' lang='lat' dir='ltr'><strong>apud</strong></span> <span class='ocrx_word' id='word_1_257' title='bbox 967 3669 1140 3728; x_wconf 86' lang='lat' dir='ltr'><strong>Diodorum</strong></span> <span class='ocrx_word' id='word_1_258' title='bbox 1167 3669 1244 3730; x_wconf 85' lang='lat' dir='ltr'><strong>haec</strong></span> <span class='ocrx_word' id='word_1_259' title='bbox 1271 3681 1357 3731; x_wconf 86' lang='lat' dir='ltr'><strong>sunt:</strong></span> 
     </span>
     <span class='ocr_line' id='line_1_33' title="bbox 218 3766 1357 3849; baseline 0 -16"><span class='ocrx_word' id='word_1_260' title='bbox 218 3768 421 3848; x_wconf 81' lang='grc' dir='ltr'>ἐετρὰτευτεν</span> <span class='ocrx_word' id='word_1_261' title='bbox 437 3768 488 3833; x_wconf 80' lang='grc' dir='ltr'>ἐπὶ</span> <span class='ocrx_word' id='word_1_262' title='bbox 502 3767 598 3834; x_wconf 89' lang='grc' dir='ltr'>πόλιν</span> <span class='ocrx_word' id='word_1_263' title='bbox 613 3769 769 3847; x_wconf 85' lang='grc' dir='ltr'>Τορώνην</span> <span class='ocrx_word' id='word_1_264' title='bbox 785 3766 922 3833; x_wconf 85' lang='grc' dir='ltr'>ἄποικον</span> <span class='ocrx_word' id='word_1_265' title='bbox 937 3769 994 3847; x_wconf 78' lang='grc' dir='ltr'>μὲν</span> <span class='ocrx_word' id='word_1_266' title='bbox 1011 3767 1211 3849; x_wconf 85' lang='grc' dir='ltr'>Χαλκιδέων,</span> <span class='ocrx_word' id='word_1_267' title='bbox 1227 3789 1357 3847; x_wconf 90' lang='grc' dir='ltr'>κατεχο-</span> 
     </span>
     <span class='ocr_line' id='line_1_34' title="bbox 220 3869 1356 3955; baseline -0.001 -20"><span class='ocrx_word' id='word_1_268' title='bbox 220 3871 318 3951; x_wconf 83' lang='grc' dir='ltr'>μένην</span> <span class='ocrx_word' id='word_1_269' title='bbox 345 3872 380 3934; x_wconf 77' lang='grc' dir='ltr'>όὲ</span> <span class='ocrx_word' id='word_1_270' title='bbox 407 3869 471 3935; x_wconf 87' lang='grc' dir='ltr'>ὑπὸ</span> <span class='ocrx_word' id='word_1_271' title='bbox 494 3871 685 3953; x_wconf 82' lang='grc' dir='ltr'>Ἀθηναίων,</span> <span class='ocrx_word' id='word_1_272' title='bbox 712 3893 792 3952; x_wconf 87' lang='lat' dir='ltr'><strong>quae</strong></span> <span class='ocrx_word' id='word_1_273' title='bbox 816 3875 929 3952; x_wconf 86' lang='lat' dir='ltr'><strong>optime</strong></span> <span class='ocrx_word' id='word_1_274' title='bbox 951 3871 1141 3952; x_wconf 88' lang='lat' dir='ltr'><strong>respondent</strong></span> <span class='ocrx_word' id='word_1_275' title='bbox 1162 3873 1211 3931; x_wconf 87' lang='lat' dir='ltr'>his</span> <span class='ocrx_word' id='word_1_276' title='bbox 1233 3874 1356 3955; x_wconf 81' lang='lat' dir='ltr'><strong>Thucy·</strong></span> 
     </span>
     <span class='ocr_line' id='line_1_35' title="bbox 219 3970 1358 4055; baseline 0.002 -20"><span class='ocrx_word' id='word_1_277' title='bbox 219 3977 318 4036; x_wconf 85' lang='lat' dir='ltr'><strong>dideis</strong></span> <span class='ocrx_word' id='word_1_278' title='bbox 344 3973 412 4053; x_wconf 89' lang='lat' dir='ltr'>(IV,</span> <span class='ocrx_word' id='word_1_279' title='bbox 432 3974 504 4052; x_wconf 82' lang='lat'>110)</span> <span class='ocrx_word' id='word_1_280' title='bbox 529 3975 645 4035; x_wconf 87' lang='lat' dir='ltr'><strong>verbis:</strong></span> <span class='ocrx_word' id='word_1_281' title='bbox 669 3971 830 4050; x_wconf 72' lang='lat' dir='ltr'><strong>(recredet</strong></span> <span class='ocrx_word' id='word_1_282' title='bbox 846 3973 898 4036; x_wconf 80' lang='grc' dir='ltr'>ἐπὶ</span> <span class='ocrx_word' id='word_1_283' title='bbox 912 3971 1068 4051; x_wconf 88' lang='grc' dir='ltr'>Τορώνην</span> <span class='ocrx_word' id='word_1_284' title='bbox 1083 3971 1141 4048; x_wconf 87' lang='grc' dir='ltr'>τὴν</span> <span class='ocrx_word' id='word_1_285' title='bbox 1158 3970 1358 4055; x_wconf 87' lang='grc' dir='ltr'>Χαλκιδικὴν,</span> 
     </span>
     <span class='ocr_line' id='line_1_36' title="bbox 218 4071 771 4153; baseline 0 -15"><span class='ocrx_word' id='word_1_286' title='bbox 218 4073 434 4152; x_wconf 90' lang='grc' dir='ltr'>κατεχομένην</span> <span class='ocrx_word' id='word_1_287' title='bbox 456 4072 492 4135; x_wconf 80' lang='grc' dir='ltr'>δὲ</span> <span class='ocrx_word' id='word_1_288' title='bbox 507 4071 571 4137; x_wconf 81' lang='grc' dir='ltr'>ὑπὸ</span> <span class='ocrx_word' id='word_1_289' title='bbox 585 4073 771 4153; x_wconf 83' lang='grc' dir='ltr'>Ἀθηναίων.</span> 
     </span>
    </p>

    <p class='ocr_par' dir='ltr' id='par_1_7' title="bbox 216 4176 1356 4355">
     <span class='ocr_line' id='line_1_37' title="bbox 303 4176 1356 4257; baseline 0.001 -20"><span class='ocrx_word' id='word_1_290' title='bbox 303 4176 463 4256; x_wconf 80' lang='lat' dir='ltr'><strong>Capitibus</strong></span> <span class='ocrx_word' id='word_1_291' title='bbox 487 4177 600 4237; x_wconf 90' lang='lat' dir='ltr'><strong>deinde</strong></span> <span class='ocrx_word' id='word_1_292' title='bbox 624 4179 662 4237; x_wconf 84' lang='grc'>69</span> <span class='ocrx_word' id='word_1_293' title='bbox 686 4187 717 4238; x_wconf 88' lang='lat' dir='ltr'>et</span> <span class='ocrx_word' id='word_1_294' title='bbox 740 4180 780 4238; x_wconf 82' lang='lat'>70</span> <span class='ocrx_word' id='word_1_295' title='bbox 802 4199 937 4257; x_wconf 86' lang='lat' dir='ltr'><strong>pugnam</strong></span> <span class='ocrx_word' id='word_1_296' title='bbox 960 4178 1000 4237; x_wconf 87' lang='lat' dir='ltr'>ad</span> <span class='ocrx_word' id='word_1_297' title='bbox 1022 4177 1146 4236; x_wconf 90' lang='lat' dir='ltr'><strong>Delium</strong></span> <span class='ocrx_word' id='word_1_298' title='bbox 1169 4177 1281 4237; x_wconf 86' lang='lat' dir='ltr'><strong>factam</strong></span> <span class='ocrx_word' id='word_1_299' title='bbox 1304 4178 1356 4238; x_wconf 88' lang='lat' dir='ltr'>de-</span> 
     </span>
     <span class='ocr_line' id='line_1_38' title="bbox 216 4275 1356 4355; baseline -0.002 -16"><span class='ocrx_word' id='word_1_300' title='bbox 216 4280 353 4339; x_wconf 85' lang='lat' dir='ltr'><strong>scribens</strong></span> <span class='ocrx_word' id='word_1_301' title='bbox 375 4279 458 4338; x_wconf 83' lang='lat' dir='ltr'><strong>solus</strong></span> <span class='ocrx_word' id='word_1_302' title='bbox 473 4278 630 4339; x_wconf 85' lang='lat' dir='ltr'><strong>Diodorus</strong></span> <span class='ocrx_word' id='word_1_303' title='bbox 646 4289 798 4340; x_wconf 86' lang='lat' dir='ltr'><strong>trecentos</strong></span> <span class='ocrx_word' id='word_1_304' title='bbox 820 4275 1005 4355; x_wconf 87' lang='grc' dir='ltr'>παραβάτα(</span> <span class='ocrx_word' id='word_1_305' title='bbox 1020 4280 1070 4339; x_wconf 80' lang='lat' dir='ltr'>vel</span> <span class='ocrx_word' id='word_1_306' title='bbox 1090 4275 1243 4353; x_wconf 84' lang='grc' dir='ltr'>ἡνιόχου(</span> <span class='ocrx_word' id='word_1_307' title='bbox 1258 4280 1356 4338; x_wconf 86' lang='lat' dir='ltr'><strong>Boeo·</strong></span> 
     </span>
    </p>
   </div>
   <div class='ocr_carea' id='block_1_6' title="bbox 130 4381 1357 4463">
    <p class='ocr_par' dir='ltr' id='par_1_8' title="bbox 130 4381 1357 4463">
     <span class='ocr_line' id='line_1_39' title="bbox 130 4381 1357 4463; baseline -0.003 -21"><span class='ocrx_word' id='word_1_308' title='bbox 130 4459 140 4463; x_wconf 42' lang='grc'>-</span> <span class='ocrx_word' id='word_1_309' title='bbox 216 4392 316 4442; x_wconf 88' lang='lat' dir='ltr'><strong>torum</strong></span> <span class='ocrx_word' id='word_1_310' title='bbox 338 4382 504 4442; x_wconf 84' lang='lat' dir='ltr'><strong>exercitum</strong></span> <span class='ocrx_word' id='word_1_311' title='bbox 526 4385 722 4460; x_wconf 75' lang='lat' dir='ltr'><strong>praegressos</strong></span> <span class='ocrx_word' id='word_1_312' title='bbox 746 4401 811 4441; x_wconf 88' lang='lat' dir='ltr'><strong>esse</strong></span> <span class='ocrx_word' id='word_1_313' title='bbox 835 4389 872 4455; x_wconf 89' lang='lat' dir='ltr'>et,</span> <span class='ocrx_word' id='word_1_314' title='bbox 897 4390 1013 4460; x_wconf 88' lang='lat' dir='ltr'><strong>quanta</strong></span> <span class='ocrx_word' id='word_1_315' title='bbox 1035 4389 1109 4440; x_wconf 89' lang='lat' dir='ltr'><strong>tunc</strong></span> <span class='ocrx_word' id='word_1_316' title='bbox 1131 4382 1225 4440; x_wconf 85' lang='lat' dir='ltr'><strong>fuerit</strong></span> <span class='ocrx_word' id='word_1_317' title='bbox 1247 4381 1357 4439; x_wconf 74' lang='grc' dir='ltr'>Βουτο-</span> 
     </span>
    </p>
   </div>
   <div class='ocr_carea' id='block_1_7' title="bbox 216 4481 1311 4632">
    <p class='ocr_par' dir='ltr' id='par_1_9' title="bbox 216 4481 1311 4632">
     <span class='ocr_line' id='line_1_40' title="bbox 216 4481 1311 4563; baseline -0.006 -19"><span class='ocrx_word' id='word_1_318' title='bbox 216 4505 282 4544; x_wconf 87' lang='lat' dir='ltr'>rum</span> <span class='ocrx_word' id='word_1_319' title='bbox 299 4484 430 4563; x_wconf 86' lang='lat' dir='ltr'><strong>praeda,</strong></span> <span class='ocrx_word' id='word_1_320' title='bbox 457 4483 599 4562; x_wconf 76' lang='lat' dir='ltr'><strong>denique,</strong></span> <span class='ocrx_word' id='word_1_321' title='bbox 625 4503 685 4562; x_wconf 86' lang='lat' dir='ltr'>qua</span> <span class='ocrx_word' id='word_1_322' title='bbox 708 4482 827 4542; x_wconf 85' lang='lat' dir='ltr'><strong>ratione</strong></span> <span class='ocrx_word' id='word_1_323' title='bbox 842 4484 889 4541; x_wconf 92' lang='lat' dir='ltr'>usi</span> <span class='ocrx_word' id='word_1_324' title='bbox 912 4483 974 4542; x_wconf 87' lang='lat' dir='ltr'><strong>sint</strong></span> <span class='ocrx_word' id='word_1_325' title='bbox 996 4483 1057 4540; x_wconf 84' lang='lat' dir='ltr'><strong>ista</strong></span> <span class='ocrx_word' id='word_1_326' title='bbox 1078 4481 1203 4561; x_wconf 87' lang='lat' dir='ltr'><strong>praeda,</strong></span> <span class='ocrx_word' id='word_1_327' title='bbox 1230 4482 1311 4540; x_wconf 90' lang='lat' dir='ltr'><strong>dicit.</strong></span> 
     </span>
     <span class='ocr_line' id='line_1_41' title="bbox 1118 4577 1155 4632; baseline 0 -22"><span class='ocrx_word' id='word_1_328' title='bbox 1118 4584 1133 4632; x_wconf 75' lang='lat'>2</span> <span class='ocrx_word' id='word_1_329' title='bbox 1140 4577 1155 4610; x_wconf 68' lang='lat' dir='ltr'>’it</span> 
     </span>
    </p>
   </div>
   <div class='ocr_carea' id='block_1_8' title="bbox 0 0 1630 5108">
    <p class='ocr_par' dir='ltr' id='par_1_10' title="bbox 0 0 1630 5108">
     <span class='ocr_line' id='line_1_42' title="bbox 0 0 1630 5108; baseline 0 0"><span class='ocrx_word' id='word_1_330' title='bbox 0 0 1630 5108; x_wconf 95' lang='lat' dir='ltr'> </span> 
     </span>
    </p>
   </div>
  </div>
 </body>
</html>
