3252 5108
736 1301 808 1380 IV.

200 1485 254 1558 oa
280 1486 500 1580 fragmentis
526 1485 704 1567 utrorum
730 1484 868 1574 xxm,
897 1483 1034 1575 uuir,
1062 1483 1181 1573 uxr,
1194 1430 1198 1436 ⁸
1211 1483 1340 1572 xxvi,

627 1602 766 1674 XXVII
792 1603 927 1699 agitur.

283 1807 445 1866 Librorum
463 1806 581 1864 XXIII
593 1814 623 1865 et
639 1806 751 1864 XXIV
774 1807 956 1884 fragmenta,
983 1805 1092 1884 quibus
1116 1806 1230 1866 bellum
1247 1807 1341 1865 Puni-

199 1928 266 1965 cum
282 1907 298 1964 l
314 1907 509 1977 describitur,
535 1927 570 1965 eo
587 1907 682 1984 magis
698 1915 769 1965 sunt
785 1905 994 1984 respicienda,
1019 1907 1091 1985 quia
1113 1916 1143 1966 et
1159 1909 1341 1985 paucissima

199 2017 359 2085 praeterea
383 2006 526 2067 debello
549 2006 602 2066 illo
626 2007 739 2066 tradita
766 2016 838 2066 sunt
861 2015 892 2065 et
914 2001 1019 2066 omnes
1042 2009 1152 2088 reliqui
1167 2007 1340 2086 scriptores,

199 2110 251 2187 qui
271 2108 329 2167 hac
353 2108 391 2167 de
414 2129 446 2168 re
470 2117 613 2186 egerunt,
637 2109 844 2167 Romanorum
867 2116 969 2186 partes
984 2109 1117 2186 amplexi
1139 2116 1218 2180 sunt,
1243 2109 1286 2168 ita
1308 2118 1342 2168 ut

197 2210 306 2268 horum
321 2210 423 2270 clades
440 2209 629 2287 obtegerent,
656 2206 955 2286 Carthaginiensium
974 2210 1116 2269 victorias
1133 2207 1339 2270 obscurarent.

198 2308 301 2388 Atque
323 2311 405 2370 Livii
428 2310 552 2388 quidem
573 2310 657 2381 libri,
688 2308 796 2388 quibus
824 2310 883 2369 hoc
912 2310 949 2369 de
977 2309 1059 2369 hello
1087 2313 1163 2390 egit,
1193 2311 1341 2389 quidnam

198 2411 420 2485 continuerint,
450 2431 488 2471 ex
517 2431 621 2470 eorum
649 2409 792 2490 operibus
822 2412 966 2488 cognosci
994 2419 1109 2489 potest,
1139 2413 1192 2490 qui
1219 2412 1341 2472 Livium

198 2521 429 2589 excerpserunt,
454 2510 596 2571 Orosium
625 2513 692 2572 dico
727 2521 757 2570 et
784 2510 975 2590 Eutropium,
999 2513 1052 2589 qui
1073 2513 1235 2591 scriptores
1264 2533 1340 2572 sane

196 2634 259 2673 non
287 2613 381 2672 multo
410 2614 499 2692 plura
527 2613 673 2684 afferunt,
703 2631 796 2689 quam
823 2630 903 2689 quae
933 2613 966 2669 in
998 2611 1229 2690 deperditorum
1257 2614 1340 2672 Livii

196 2714 343 2773 librorum
365 2713 517 2792 periochis
541 2722 656 2772 extant.
1115 2772 1126 2784 ,

282 2813 529 2892 Quamobrem
556 2812 671 2872 bellum
692 2813 842 2872 Punicum
871 2814 1001 2892 primum
1025 2814 1190 2892 diligenter
1211 2816 1263 2893 qui
1287 2816 1337 2875 de·

132 2957 139 2964 -
197 2915 330 2975 scribere
352 2915 474 2988 volunt,
498 2916 519 2974 ii
541 2913 706 2994 Polybium
729 2923 759 2974 et
781 2915 932 2974 Zonaram
947 2915 1047 2993 ‘sequi
1069 2915 1184 2989 solent,
1209 2935 1337 2994 quorum

197 3017 288 3087 alter,
319 3015 468 3089 ZonaraS,
494 3016 533 3076 ad
568 3015 790 3090 definiendum,
825 3035 885 3095 quo
908 3017 994 3076 sonte
1016 3017 1171 3076 Diodorus
1204 3017 1236 3075 in
1258 3016 1337 3074 libro

196 3117 311 3175 XXIII
333 3138 404 3176 usus
426 3119 478 3191 sit,
502 3107 610 3197 paruni
624 3116 715 3189 valet,
738 3118 810 3196 quia
831 3118 898 3195 ipse
920 3117 945 3174 is
967 3118 1103 3195 scriptor,
1127 3135 1218 3194 quem
1239 3117 1337 3176 Zona·

196 3237 255 3285 ras,
269 3219 432 3296 excerpsit,
451 3217 572 3278 Cassius
588 3218 665 3291 Dio,
681 3218 853 3276 Diodorum
868 3218 1057 3296 potissimum
1072 3226 1102 3276 et
1116 3217 1239 3276 Livium
1253 3237 1337 3277 secu-

196 3327 244 3377 tus
267 3338 334 3378 esse
362 3319 493 3378 videtur.
530 3319 679 3398 Polybius
702 3337 784 3390 vero,
809 3338 876 3377 cum
898 3318 987 3395 primi
1009 3317 1084 3378 belli
1105 3318 1216 3379 Punici
1243 3319 1336 3378 histo-

196 3419 271 3478 riam
294 3421 381 3498 quasi
396 3421 543 3498 prooemii
564 3421 631 3480 loco
648 3419 814 3492 exhiberet,
837 3426 884 3478 sat
906 3420 1044 3497 angustis
1066 3419 1177 3478 linibus
1194 3439 1239 3492 ea,
1257 3439 1336 3498 quae
1366 3417 1368 3422 ’

195 3541 321 3579 narrare
343 3520 479 3594 volebat,
505 3521 751 3580 circumscribere
780 3519 912 3579 debebat
935 3528 965 3580 et
992 3540 1067 3580 sane
1091 3520 1334 3598 circumscripsit.

196 3619 316 3697 Quodsi
337 3620 468 3680 Diodori
489 3621 568 3680 liber
589 3622 706 3680 XXIII
727 3623 848 3700 integer
871 3622 911 3680 ad
933 3641 990 3681 nos
1014 3621 1217 3699 pervenisset,
1241 3620 1333 3700 Poly·

196 3723 239 3780 bii
261 3724 394 3782 narratio
418 3743 481 3781 non
504 3723 601 3782 solum
616 3725 729 3800 optime
749 3723 885 3801 suppleri
905 3722 962 3782 sed
984 3723 1075 3782 etiam
1090 3723 1201 3801 corrigi
1222 3729 1335 3801 posset.

194 3823 274 3882 Nam
305 3822 469 3903 Polybius,
505 3843 688 3904 quamquam
712 3825 778 3902 ipse
804 3822 934 3883 Fabium
962 3823 1115 3883 Pictorem
1144 3843 1207 3882 non
1237 3842 1335 3900 aeque

197 3923 235 3984 de
246 3922 552 4002 Carthaginiensibus
568 3933 598 3983 et
612 3925 758 3984 Romanis
774 3924 925 3984 iudicasse
940 3925 1117 4002 vituperans
1134 3924 1216 3997 dicit,
1232 3932 1334 3983 tamen

194 4027 228 4086 in
250 4025 348 4084 simile
375 4027 484 4085 vitium
505 4027 646 4099 incurrit,
675 4025 708 4085 id
737 4026 820 4104 quod
840 4025 1089 4098 luculentissime,
1117 4026 1143 4084 si
1170 4024 1334 4104 Polybium

195 4147 262 4186 cum
284 4127 422 4186 Diodoro
445 4147 667 4205 comparamus,
696 4137 835 4206 apparet.
869 4127 901 4185 Is
930 4127 1012 4185 enim
1039 4127 1083 4184 ita
1104 4125 1218 4186 bellum
1239 4126 1333 4186 Puni-

195 4249 262 4287 cum
283 4227 436 4300 describit,
460 4236 494 4286 ut
509 4247 578 4287 eum
592 4229 770 4306 scriptorem
792 4227 946 4306 quendam
968 4236 1041 4286 ante
1064 4226 1166 4287 oculos
1188 4227 1332 4288 habuisse

194 4329 366 4401 videamus,
390 4329 443 4408 qui
465 4349 483 4388 a
507 4326 808 4406 Carthaginiensium
829 4337 917 4408 parte
938 4329 1066 4388 steterit.

279 4430 358 4490 Nam
380 4429 550 4490 Diodorum
571 4428 629 4488 hoe
650 4429 717 4488 loco
740 4450 757 4488 e
779 4427 926 4510 Polybio,
955 4447 1045 4510 quem
1067 4437 1173 4507 postea
1202 4427 1331 4507 diligen-
