3252 5108
651 321 863 384 ..43-

276 493 356 554 Nam
378 495 497 554 etiamsi
522 502 723 568 statueremus
750 495 835 553 illum
850 483 1058 554 Romanorum
1073 515 1179 573 regum
1200 493 1334 554 indicem

192 597 472 656 saneDiodcreum
495 617 575 670 esse,
604 596 690 656 nullo
713 597 802 656 modo
831 617 868 656 ea
889 597 985 655 verba
1007 615 1085 676 quae
1113 595 1196 654 hunc
1218 596 1332 655 catalo-

193 718 264 774 gum
285 706 474 776 sequuntur,
504 697 544 757 ad
566 698 739 757 Diodorum
766 697 875 757 referri
896 707 1036 778 possent,
1066 698 1139 776 quia
1161 697 1201 770 is,
1231 698 1258 756 si
1279 717 1335 776 per

193 799 254 854 244
277 819 375 859 annos
397 819 485 878 reges
500 801 615 858 Romae
638 800 733 859 fuisse
756 800 897 872 dixisset,
922 799 960 858 ab
982 799 1041 858 Ilio
1064 807 1153 877 capto
1175 817 1272 877 usque
1294 797 1335 858 ad

194 901 337 978 expulsos
360 920 448 980 reges
470 920 534 960 non
557 901 632 974 675,
657 901 712 961 sed
736 903 796 960 676
820 921 918 960 annos
940 909 1140 960 numerasset.

279 1015 353 1095 (432
370 1017 409 1096 -Ι-
427 1019 502 1093 244,
526 1040 590 1079 non
613 1018 731 1097 431³s
750 1017 836 1096 244).

277 1153 386 1233 Neque
408 1175 480 1214 vero
504 1154 590 1213 illum
611 1154 745 1214 indicem
773 1163 855 1214 recte
876 1153 1068 1213 Diodoreum
1096 1174 1114 1212 a
1136 1151 1334 1214 Mommsenio

194 1255 344 1314 nominari
376 1263 461 1335 puto.
512 1254 589 1313 Mihi
611 1255 693 1315 enim
725 1256 807 1314 inter
839 1255 1090 1315 Romanorum
1117 1275 1223 1333 regum
1253 1264 1336 1316 cata-

192 1357 295 1435 logum
317 1366 349 1416 et
371 1377 407 1416 ea
429 1357 538 1431 verba,
569 1357 679 1436 quibus
707 1356 899 1436 singulorum
920 1376 1115 1416 numerorum
1143 1376 1260 1416 summa
1283 1377 1333 1416 ex-

193 1459 348 1536 primitur,
378 1479 501 1539 prorsus
530 1460 638 1519 eadem
661 1458 856 1518 necessitudo
885 1457 1076 1518 intercedere
1098 1458 1222 1518 videtur
1243 1467 1336 1537 atque

193 1560 274 1618 inter
296 1559 531 1619 Albanorum
553 1581 659 1639 regum
673 1561 807 1619 indicem
830 1569 861 1619 et
883 1580 920 1619 ea
934 1558 1043 1632 verba,
1066 1578 1145 1638 quae
1168 1559 1251 1618 hunc
1265 1558 1335 1618 sub-

193 1669 374 1740 sequuntur.
404 1661 507 1740 Atque
529 1660 573 1720 ihi
596 1662 719 1741 quidem
742 1681 810 1720 cum
832 1660 950 1720 numeri
964 1661 1040 1734 428,
1066 1681 1146 1740 quae
1168 1681 1283 1720 summa
1299 1681 1337 1720 111

192 1763 322 1840 singulis
344 1762 536 1822 Albanorum
567 1784 674 1841 regum
706 1765 795 1822 annis
824 1765 957 1841 exurgit,
993 1771 1023 1822 et
1049 1762 1125 1834 431,
1149 1781 1209 1840 quo
1239 1783 1335 1842 quan·

193 1872 256 1923 tum
279 1864 371 1924 distet
392 1865 485 1924 Ilium
512 1872 635 1942 captum
656 1887 675 1924 a
696 1865 794 1929 Roma
821 1864 954 1939 condita,
978 1864 1145 1937 indicatur,
1174 1865 1217 1923 ita
1239 1864 1335 1942 expli-

194 1966 285 2024 candi
314 1985 380 2024 esse
407 1965 586 2038 videantur,
616 1966 660 2024 uti
687 1964 855 2024 Eusebium
888 1967 987 2043 ipsum
1015 1965 1161 2044 Dionysii
1193 1985 1336 2024 numeros

194 2087 268 2126 suae
291 2067 488 2145 computandi
510 2066 623 2125 rationi
645 2065 890 2126 accommodasse
903 2075 1086 2138 statuamus,
1112 2060 1280 2126 Eusebium
1303 2067 1335 2124 iu

195 2167 407 2246 componendo
430 2169 636 2226 Romanorum
652 2186 773 2246 quoque
788 2187 894 2246 regum
910 2167 1012 2227 indice
1028 2167 1172 2246 Dionysii
1193 2187 1335 2226 numeros

193 2271 237 2328 ita
269 2277 402 2328 mutasse
440 2269 693 2329 verisimillimum
734 2276 798 2342 est,
838 2277 872 2327 ut
904 2289 1021 2328 summa
1055 2269 1231 2342 11111240,
1271 2289 1334 2328 non

194 2371 255 2428 244
277 2390 437 2429 annorum.

277 2488 430 2548 Eusebius
464 2495 569 2547 autem
605 2489 649 2547 111
686 2489 883 2566 computavit.
937 2485 1014 2546 Oum
1056 2487 1170 2565 primus
1218 2489 1335 2567 primae

194 2591 377 2672 olympiadis
400 2609 500 2650 annus
534 2591 574 2648 111
601 2587 639 2648 ab
667 2589 726 2648 Ilio
758 2597 847 2668 capto
870 2599 970 2647 annus
992 2589 1069 2659 405,
1094 2589 1209 2664 primus
1239 2590 1334 2668 olym-

46 2682 48 2684 ’
116 2721 122 2734 -ι
193 2695 294 2773 piaclis
334 2691 681 2769 duodeseptuagesimae
719 2710 819 2749 annus
855 2686 918 2765 (Ol.
954 2689 1019 2762 68,
1050 2685 1097 2764 1),
1133 2689 1186 2768 qui
1218 2691 1334 2767 primus

193 2803 258 2854 crat
278 2794 395 2854 liberae
424 2791 627 2870 reipublicae,
656 2799 702 2850 est
728 2789 766 2850 ab
788 2791 847 2850 Ilio
876 2797 964 2868 capto
993 2809 1093 2849 annus
1117 2791 1187 2849 670.
1224 2790 1334 2869 Itaque

193 2897 230 2956 ab
253 2897 311 2955 Ilio
341 2902 429 2972 capto
459 2911 555 2971 usque
583 2892 623 2951 ad
650 2889 778 2950 liberam
800 2891 1018 2970 rempublicam
1040 2892 1236 2951 constitutam
1259 2893 1333 2950 anni

193 2997 347 3057 numerari
370 2993 484 3055 debent
500 2991 681 3069 669.,011111
702 3013 775 3053 vero
790 2994 893 3064 ¹Roma
913 2992 985 3052 urbs
1001 3013 1083 3053 anno
1108 2993 1146 3052 ab
1161 2993 1221 3052 Ilio
1244 3002 1332 3073 capto

192 3101 252 3158 429
270 3099 394 3158 condita
409 3097 463 3168 sit,
487 3115 575 3174 reges
598 3115 654 3174 per
669 3095 731 3155 240
757 3115 855 3154 annos
880 3094 975 3153 fuisse
995 3095 1111 3153 Romae
1136 3094 1334 3154 statuendum

193 3211 238 3260 011
262 3197 335 3278 (429
353 3197 392 3276 -l-
409 3199 471 3258 240
485 3223 527 3246 =
544 3195 629 3274 669).

276 3318 388 3396 Itaque
403 3333 530 3395 prorsus
545 3324 627 3376 recte
643 3316 717 3375 fecit
733 3313 860 3374 Carolus
875 3312 1015 3385 Mueller,
1028 3311 1111 3390 quod
1126 3311 1209 3371 hunc
1222 3312 1332 3387 locum,

193 3442 284 3500 quem
307 3419 524 3478 Mommsenius
553 3426 641 3497 putat
662 3417 853 3476 Diodoreum
881 3434 962 3487 1111,
997 3413 1127 3473 Diodori
1155 3413 1240 3472 libris
1269 3436 1333 3472 non

192 3522 331 3581 inseruit.

276 3640 342 3698 Iam
363 3658 436 3697 vero
461 3636 572 3717 ecquid
594 3610 808 3714 praetereatis
831 3635 882 3706 iis,
907 3652 987 3712 quae
1001 3629 1157 3691 Diodorus
1181 3632 1219 3693 de
1242 3631 1333 3694 rebus

192 3764 210 3801 a
221 3743 367 3800 Romanis
378 3758 475 3818 usque
488 3739 527 3798 ad
538 3737 651 3818 Pyrrhi
662 3745 793 3812 aetatem
805 3737 898 3814 gestis
914 3735 1059 3808 narravit,
1077 3743 1168 3808 extet,
1193 3735 1276 3815 quod
1292 3735 1332 3794 ad

193 3844 344 3904 Graecum
359 3842 514 3920 quendam
527 3859 657 3918 eumque
673 3839 875 3899 recentiorem
887 3837 1064 3914 scriptorem
1074 3836 1271 3895 referendum
1282 3837 1330 3909 sit,

194 3943 412 4024 quaerentibus
428 3943 517 4002 nobis
540 3962 620 4002 unus
636 3942 720 4000 locus
737 3929 783 3999 111
797 3938 1024 4018 respiciendus,
1049 3938 1081 3995 in
1097 3956 1156 4014 quo
1172 3936 1332 3995 Timaeum

192 4047 243 4106 vel
263 4047 489 4124 Hieronymum
516 4043 694 4104 aDiodoro
724 4041 894 4101 adhibitum
924 4059 989 4099 esso
1016 4039 1126 4097 mirum
1154 4037 1186 4095 in
1208 4037 1332 4098 modum

192 4149 300 4209 statuit
323 4141 557 4225 schweglerffl),

191 4334 392 4342 ———·--—-

257 4450 301 4516 43)
320 4450 417 4500 histor.
434 4465 499 4510 rom.
520 4448 570 4498 vol.
591 4449 606 4496 3
624 4414 747 4510 prims.
