3252 5108
676 330 881 394 -21-

213 505 372 584 desumpta
394 507 465 577 sint,
489 506 708 583 quaerentibus
731 505 820 564 nobis
835 513 897 564 tres
920 505 954 563 iu
977 512 1110 564 mentem
1125 504 1255 562 veniunt
1277 503 1347 560 scri-

212 615 328 684 ptores,
358 606 468 684 quibus
497 607 651 665 Diodorus
679 606 711 664 iu
740 606 830 666 rebus
854 605 965 666 Siculis
989 603 1199 666 describendis
1228 604 1273 662 uti
1295 623 1347 682 po-

211 709 320 780 tuerit,
344 708 502 780 Timaeus,
526 707 691 780 Philistus,
713 707 867 786 Ephorus,

295 809 399 888 Atque
421 829 460 869 ex
481 809 607 869 Timaeo
629 809 706 870 haec
728 810 852 888 petiisse
875 809 1047 869 Diodorum
1070 807 1197 868 Carolus
1220 807 1350 867 Mueller

212 912 320 989 fragm.
346 911 452 970 histor.
469 930 570 989 graec.
596 911 821 989 v01.1p.190
846 911 1023 983 autumavit,
1047 910 1149 989 quisi
1174 909 1349 969 Plutarchei

210 1013 318 1092 Niciae
342 1019 433 1090 caput
455 1011 745 1090 duodetrigesimum
759 1013 957 1090 respexisset,
982 1020 1063 1070 certe
1085 1011 1174 1070 aliter
1195 1011 1348 1070 sensisset.

211 1114 290 1172 Inde
302 1114 384 1172 enim
398 1114 543 1191 sequitur,
559 1122 594 1172 nt
608 1113 754 1172 Timaeus
769 1113 940 1172 narraverit
962 1112 1084 1171 invito
1101 1110 1238 1191 Gylippo
1253 1110 1348 1171 Athe·

211 1215 364 1274 niensium
387 1214 477 1274 duces
499 1222 533 1272 ut
549 1222 745 1286 necarentur,
771 1213 982 1294 Syracusanos
999 1213 1169 1272 decrevisse
1185 1220 1216 1272 et
1230 1213 1350 1272 Niciam

210 1324 302 1394 atque
325 1315 565 1376 Demosthenem
588 1315 668 1393 ipsos
690 1314 748 1374 sibi
772 1315 805 1373 in
828 1334 949 1374 carcere
969 1323 1097 1374 mortem
1120 1314 1313 1372 conscivisse.

294 1416 382 1494 Quae
410 1437 479 1475 cum
507 1417 549 1474 ita
576 1417 652 1488 sint,
682 1435 720 1474 ex
747 1415 875 1475 Timaeo
903 1415 1041 1476 hausisse
1074 1414 1247 1475 Diodorum
1283 1415 1345 1487 illa,

210 1517 248 1576 de
271 1518 382 1596 quibus
405 1526 496 1578 antea
519 1518 644 1595 egimus,
668 1536 757 1576 nemo
780 1517 870 1576 facile
893 1517 1019 1577 credat?
1236 1515 1239 1521 ’

293 1618 456 1678 Philistum
471 1626 573 1677 autern
595 1618 645 1678 hic
667 1617 838 1678 aDiodoro
852 1617 1023 1677 adhibitum
1046 1637 1112 1677 esse
1134 1638 1174 1677 ne
1195 1626 1346 1697 putemus,

209 1727 347 1780 vetamur
367 1720 461 1779 hisee.
498 1703 681 1778 Plutarchus
710 1720 743 1777 in
771 1718 934 1788 narrandis
961 1719 1013 1792 iis,
1043 1739 1123 1798 quae
1144 1719 1255 1780 Nicia
1272 1719 1348 1781 duee

117 1870 120 1879 .
209 1821 247 1880 ab
280 1821 524 1881 Atheniensibus
557 1821 590 1879 in
623 1821 727 1880 Sicilia
761 1829 847 1900 gesta
879 1827 951 1879 sunt
983 1828 1044 1880 tres
1073 1828 1196 1899 praeter
1231 1829 1348 1881 ceteros

208 1922 332 1982 videtur
363 1931 485 1982 secutus
518 1941 585 1982 esse
617 1942 718 1981 rerum
747 1922 943 1982 Sicelicarum
970 1923 1147 2001 scriptores,
1178 1922 1346 1997 Timaeum,

209 2023 385 2094 Philistum,
421 2022 647 2102 Thucydidem.
682 2022 866 2101 Ubicunque
894 2023 976 2082 enim
1008 2025 1230 2084 sententiarum
1262 2025 1347 2084 diffe-

210 2124 310 2184 rentia
332 2145 350 2182 a
370 2122 535 2183 Plutarcho
557 2124 590 2182 in
619 2124 727 2184 Niciae
754 2125 818 2183 vita
840 2132 1102 2197 commemoratur,
1126 2125 1247 2185 illorum
1276 2128 1347 2187 scri·

209 2233 330 2304 ptorum
345 2226 470 2284 nomina
492 2225 680 2298 invenimus,
704 2233 738 2284 ut
764 2226 795 2284 in
819 2225 916 2284 Nicae
945 2226 1045 2303 capite
1068 2227 1295 2288 undevicesimo
1318 2237 1349 2288 et

210 2327 479 2405 duodetrigesimo.
1274 2385 1278 2394 Δ

293 2427 359 2486 Iam
380 2447 453 2487 vero
477 2428 586 2506 capitis
615 2427 867 2507 duodetrigesimi
895 2429 1016 2489 initium
1038 2450 1140 2510 neque
1163 2451 1202 2490 ex
1223 2430 1346 2514 Thucy·

210 2529 282 2588 dide
304 2549 405 2608 neque
428 2549 466 2590 ex
487 2529 615 2588 Timaeo
639 2529 810 2590 desumtum
832 2550 898 2590 esse
920 2539 1031 2609 potest.

291 2631 343 2690 Ad
364 2630 581 2711 Thucydidem
596 2632 678 2690 enim
700 2632 861 2710 quominus
883 2632 961 2690 illud
980 2632 1156 2706 toleramus,
1181 2633 1214 2694 id
1236 2634 1346 2710 obstat,

208 2732 290 2811 quod
302 2732 484 2791 Plutarchus
502 2732 534 2790 in
546 2733 695 2790 concione
708 2732 879 2791 Siculorum
892 2733 1028 2794 diversas
1047 2735 1085 2794 de
1103 2734 1345 2798 Atheniensibus

206 2833 375 2894 tractandis
396 2833 566 2892 sententias
588 2833 761 2911 propositas
790 2853 857 2892 esse
879 2843 992 2893 narrat.
1023 2835 1072 2895 Ex
1094 2837 1221 2897 Timaeo
1245 2847 1346 2899 autam

207 2936 283 2994 haec
307 2935 509 3013 depromsisse
531 2933 601 2994 ideo
624 2955 688 2993 non
715 2934 839 2995 videtur
864 2935 1063 3011 Plutarchus,
1094 2939 1177 3017 quod
1204 2941 1270 3018 ipse
1298 2942 1344 3014 iis,

208 3037 341 3115 quaein
365 3036 453 3095 initio
482 3035 563 3094 illius
586 3037 691 3122 capitis
719 3036 821 3109 affert,
857 3057 894 3098 ea
916 3041 1058 3117 opponit,
1093 3059 1172 3118 quae
1201 3041 1345 3102 Timaeus

207 3138 324 3210 retulit,
361 3138 464 3196 dicens
498 3133 543 3198 ὼε
573 3135 608 3198 δὲ
630 3132 759 3212 Τίμαιός
788 3155 873 3214 φηςι.
917 3139 1027 3218 Itaque
1056 3140 1219 3200 Philistum
1240 3142 1347 3202 adhibi

206 3247 270 3298 tum
293 3259 359 3298 esse
387 3259 407 3297 a
432 3239 596 3298 Plutarcho
630 3239 662 3297 in
692 3240 742 3312 iis,
773 3259 852 3318 quae
880 3240 912 3298 in
935 3240 1023 3301 initio
1052 3242 1160 3320 capitis
1190 3243 1345 3303 duodetri-

207 3341 314 3419 gesimi
342 3348 462 3412 extant,
496 3341 726 3412 concludemus,
757 3339 789 3399 id
811 3340 893 3418 quod
922 3341 990 3400 aliis
1013 3361 1135 3421 quoque
1158 3349 1345 3422 argumentis

168 3456 172 3465 ·
206 3442 361 3521 probatur.

290 3543 425 3601 Primum
441 3544 523 3601 enim
537 3543 603 3621 ipse
625 3542 754 3602 Philisto
769 3563 915 3603 summam
935 3543 1079 3603 habuisse
1099 3544 1222 3604 videtur
1242 3545 1342 3620 fidem,

206 3645 239 3703 id
261 3644 343 3722 quod
366 3644 573 3723 colligendum
595 3663 663 3704 esse
686 3665 796 3704 censeo
819 3647 916 3704 exiis
943 3644 1061 3717 verbis,
1091 3645 1201 3724 quibus
1223 3647 1343 3709 Plutar-

207 3747 281 3834 chus
305 3748 336 3804 in
358 3746 467 3806 Niciae
490 3747 590 3826 capite
612 3746 842 3807 undevicesimo
865 3747 977 3806 utitur:

289 3844 438 3909 κάκείνου
458 3847 496 3910 τὸ
518 3849 583 3910 πᾶν
598 3845 696 3924 ἔργον
712 3845 881 3921 γεγονέναι
902 3846 997 3926 φηεὶν
1019 3845 1059 3911 οὐ
1076 3847 1272 3926 Θουκυδίδης
1288 3849 1343 3928 μό-

205 3966 265 4010 νον
281 3944 364 4009 ἀλλὰ
383 3947 432 4009 καὶ
452 3946 612 4026 Φίλιετοε,
642 3945 723 4026 ἀνὴρ
745 3945 957 4026 (υρακούοοε
982 3949 1034 4012 καὶ
1055 3955 1121 4013 τῶν
1148 3951 1343 4029 πραγμάτων

206 4046 322 4126 ὁρατὴ(
337 4045 521 4124 γενόμενοε.

289 4151 413 4210 Deinde
441 4153 473 4209 in
501 4154 601 4231 capite
623 4154 766 4212 vicesimo
794 4155 932 4232 septimo,
962 4156 1045 4233 quod
1072 4177 1141 4214 cum
1168 4157 1344 4238 insequenti

205 4255 372 4313 arctissime
394 4253 557 4312 cohaerere
580 4254 715 4328 videtur,
740 4256 980 4316 Demosthenem
995 4257 1033 4316 ab
1050 4257 1187 4318 hostibus
1211 4262 1343 4321 cinctum

203 4375 312 4415 manus
332 4355 391 4415 sibi
412 4357 510 4434 ipsum
533 4355 648 4414 inferre
671 4364 826 4429 conatum,
857 4357 912 4417 sed
935 4379 953 4417 a
981 4357 1195 4438 Syracusanis,
1227 4365 1342 4441 quomi-

204 4476 262 4515 nus
295 4457 327 4517 id
361 4458 489 4530 faceret,
524 4456 709 4536 prohibitum
741 4479 809 4520 esse
842 4469 997 4537 narratum
1032 4461 1115 4540 quod
1145 4471 1179 4522 ut
1201 4483 1342 4543 nequea
