3252 5108
685 309 896 372 ..51...

224 481 354 540 Fabium
381 481 534 540 Pictorem
563 504 581 541 a
604 482 740 541 Diodoro
771 503 834 542 nou
863 489 1038 559 excerptum
1068 501 1134 540 esse
1161 482 1251 540 certis
1274 501 1361 558 argu·

224 583 334 642 mentis
357 582 499 661 probavit
521 602 622 661 neque
649 603 784 662 unquam
812 583 886 642 mihi
914 582 1037 662 quidem
1060 582 1270 642 videturesse
1293 601 1361 660 pro-

223 685 359 743 baturus.

306 819 385 878 Nam
403 819 558 898 complura
573 821 605 879 in
621 841 716 880 unum
730 820 831 879 locum
847 820 1045 892 conveniunt,
1064 818 1174 897 quibus
1189 826 1223 876 ut
1238 818 1361 876 Momm·

223 921 310 980 senio
339 920 574 999 adstipulamur,
605 943 855 982 commoveamur.
895 919 998 999 Atque
1026 922 1156 998 primum
1178 919 1302 999 quidem
1330 918 1362 976 id

223 1022 330 1081 summi
359 1030 405 1080 est
433 1024 706 1102 momenti,¹qu0d
733 1024 891 1082 Diodorus
919 1023 986 1100 ipse
1017 1023 1048 1079 in
1077 1022 1167 1080 tertio
1191 1021 1363 1098 fragmento

222 1123 352 1182 Fabium
392 1119 452 1183 τὸν
484 1120 541 1185 τὰ(
567 1120 731 1200 Ῥωμαίων
759 1121 890 1199 πράξει(
920 1119 1154 1198 ἀναγράψαντα
1184 1121 1363 1180 nominatim

222 1225 318 1282 affert.
348 1224 440 1284 Hunc
463 1233 565 1284 autem
586 1226 686 1285 locum
708 1228 748 1285 ad
771 1225 903 1286 Fabium
931 1225 1083 1284 Pictorem
1116 1223 1363 1302 antiquissimum

220 1325 425 1399 Romanarum
463 1346 564 1401 rerum
595 1329 772 1406 scriptorem
805 1327 960 1405 pertinere
990 1327 1103 1404 optime
1143 1324 1363 1384 demonstravit

221 1426 395 1486 Harlessius
417 1427 451 1486 in
471 1428 695 1488 dissertationis
718 1430 791 1502 eius,
817 1448 878 1507 qua
901 1428 939 1488 de
961 1427 1066 1487 Fabiis
1090 1435 1120 1486 et
1135 1424 1266 1486 Aufidiis
1289 1425 1360 1502 egit,

221 1529 343 1606 paginis
365 1529 456 1587 tertia
479 1537 510 1588 et
530 1538 648 1607 quarta.

304 1681 468 1740 Praeterea
490 1681 522 1740 id
545 1681 670 1759 quidem
692 1702 797 1760 parum
822 1689 868 1740 est
890 1679 1064 1752 verisimile,
1082 1679 1254 1739 Diodorum
1276 1679 1362 1738 illum

220 1781 393 1841 Fabianum
421 1783 523 1840 locum
554 1761 617 1841 dou
647 1805 684 1843 ex
711 1784 807 1862 ipsius
835 1781 926 1842 Fabii
955 1780 1120 1840 annalibus
1148 1780 1203 1839 sed
1232 1802 1270 1839 ex
1301 1780 1362 1840 alio

220 1886 382 1962 scriptore,
421 1885 474 1962 qui
495 1882 593 1942 Fabio
630 1904 702 1943 usus
740 1885 788 1956 sit,
828 1883 1039 1961 depromsisse.
1084 1883 1164 1941 Nam
1195 1881 1360 1955 Castorem,
1388 1957 1393 1964 ἱ

222 1984 260 2042 de
282 2003 342 2062 quo
366 1985 430 2042 solo
452 1984 503 2043 hic
525 1986 660 2062 cogitare
682 1986 749 2065 quis
773 1985 882 2063 possit,
907 2003 974 2042 cum
989 2003 1043 2042 sex
1064 1983 1150 2042 libris
1174 2003 1221 2041 res
1246 1984 1284 2042 ab
1307 2005 1360 2041 an-

220 2085 397 2164 tiquissimis
431 2084 617 2164 temporibus
639 2106 736 2166 usque
769 2085 809 2145 ad
829 2074 953 2143 ¹annum
976 2105 1003 2144 a.
1021 2083 1053 2146 O.
1071 2105 1102 2143 n.
1126 2085 1166 2143 56
1194 2082 1231 2143 ab
1267 2085 1361 2143 omni-

220 2185 276 2244 bus
298 2187 420 2265 populis
443 2196 543 2265 gestas
567 2187 831 2266 complecteretur,
857 2187 949 2244 etiam
970 2187 1053 2245 locos
1076 2207 1114 2246 ex
1137 2187 1204 2245 aliis
1227 2187 1355 2266 scripto-

220 2287 302 2346 ribus
324 2289 436 2366 pe‘titcs
459 2288 597 2348 attulisse
619 2290 688 2367 quis
712 2297 771 2361 est,
795 2289 848 2366 qui
870 2287 978 2365 putet?

303 2438 434 2500 Accedit
454 2441 536 2520 quod
560 2450 652 2502 antea
673 2442 805 2502 vidimus
828 2443 860 2500 in
888 2442 940 2514 iis,
973 2460 1052 2520 quae
1074 2441 1230 2500 Diodorus
1254 2442 1293 2502 de
1316 2462 1362 2501 re·
1428 2469 1431 2474 ·

220 2562 291 2618 gum
312 2541 499 2620 temporibus
522 2552 640 2617 narrat,
671 2551 775 2603 extare
803 2543 968 2616 nonnulla,
999 2562 1077 2621 quae
1100 2542 1140 2600 ad
1162 2544 1362 2602 recentiorem

218 2644 395 2720 scriptorem
410 2644 575 2703 referenda
597 2653 678 2706 sunt.
710 2643 772 2721 Qui
801 2645 930 2721 scriptor
953 2663 1020 2702 cum
1042 2644 1082 2702 sit
1105 2641 1213 2702 Castor
1235 2643 1361 2703 chrono-

219 2745 368 2823 graphus,
398 2754 527 2823 apparet
554 2766 624 2804 eum
654 2765 717 2804 ncn
750 2745 970 2804 vetustissimos
1006 2745 1125 2818 fontes,
1154 2743 1284 2804 Fabium
1312 2747 1362 2805 vel

221 2844 360 2905 Cincium
393 2846 442 2904 vel
476 2845 570 2905 alium
596 2845 805 2905 huiuscemodi
827 2847 1006 2924 scriptorem
1038 2846 1216 2906 adhibuisse
1246 2848 1286 2907 ad
1314 2869 1361 2908 res

219 2925 373 3006 Romanas
398 2947 631 3021 describendas,
654 2948 710 3008 sed
742 2949 927 3008 recentiores
950 2964 1065 3028 eoique
1088 2929 1269 3024 deteriores,
1301 2951 1360 3009 Va-

218 3048 327 3118 lerium
349 3047 521 3121 Antiatem,
557 3049 724 3122 Licinium,
759 3050 834 3108 alios
866 3051 981 3110 saeculi
1003 3071 1034 3110 a,
1054 3071 1084 3109 u.
1108 3072 1133 3109 c.
1157 3052 1256 3109 octavi
1289 3054 1360 3110 seri-

219 3158 321 3228 ptores
354 3159 490 3210 secutum
519 3171 594 3210 esse.
637 3151 748 3229 Itaque
778 3151 913 3210 dubitari
943 3141 1063 3228 nequit,
1098 3153 1173 3231 quin
1194 3153 1359 3225 Diodorus,

220 3273 288 3310 cum
317 3252 403 3310 illum
432 3252 578 3311 scriberet
604 3252 718 3324 locum,
750 3253 833 3330 ipsos
861 3250 952 3310 Fabii
984 3253 1112 3311 annales
1152 3261 1224 3313 ante
1259 3255 1361 3313 oeulos

222 3352 375 3412 habuerit.

305 3487 397 3566 Quod
413 3490 438 3547 si
454 3489 520 3566 quis
537 3489 679 3548 concedit
692 3521 734 3529 —
749 3481 780 3547 et
797 3486 911 3548 debent
925 3509 1000 3548 sane
1016 3509 1121 3548 omnes
1138 3489 1360 3550 concedere-
1386 3533 1390 3538 -

219 3590 251 3648 id
274 3609 394 3669 quoque
417 3610 534 3648 mecum
561 3598 690 3667 statuet,
712 3611 776 3648 non
804 3589 970 3650 verisimile
993 3611 1058 3651 esse
1086 3591 1258 3650 Diodorum
1279 3593 1362 3652 hune

138 3740 142 3752 .
220 3712 315 3750 unum
341 3691 441 3749 locum
470 3711 486 3750 e
514 3691 604 3750 Fabii
638 3690 802 3750 annalibus
833 3691 1024 3750 desumsisse.
1067 3693 1147 3752 Nam
1175 3683 1207 3754 id
1236 3695 1360 3774 quidem

219 3793 343 3851 minime
358 3792 490 3870 quadrat
504 3794 536 3851 in
553 3795 617 3852 eius
633 3791 788 3852 scribendi
810 3793 973 3866 rationem,
998 3795 1064 3871 qui,
1090 3795 1164 3874 quid
1187 3795 1298 3875 reliqui
1322 3797 1360 3856 de

220 3893 327 3952 eadem
356 3914 388 3952 re
415 3894 614 3966 tradiderint,
649 3913 757 3972 parum
785 3914 894 3954 curans
931 3916 1027 3954 unum
1059 3897 1239 3975 plerumque
1273 3899 1360 3976 sequi

218 3995 296 4054 solet.
325 3995 448 4071 ducem,
478 4015 579 4074 neque
608 3997 732 4054 omnino
761 4017 797 4056 ea
827 4005 873 4056 est
903 3999 1131 4076 excerpeutium
1158 4000 1358 4073 consuetudo,

220 4105 253 4155 ut
287 4097 378 4155 unius
413 4097 457 4155 rei
490 4097 541 4156 vel
573 4097 753 4176 probandae
787 4100 838 4158 vel
866 4097 1049 4158 refutandae
1078 4119 1170 4159 causa
1198 4102 1359 4179 scriptores
1451 4087 1452 4090 Ἴ

219 4197 401 4271 adhibeant,
426 4217 501 4276 quos
524 4207 684 4277 praeterea
711 4220 774 4258 non
797 4202 974 4278 respiciunt.

304 4333 342 4392 Id
365 4342 479 4406 autem,
504 4334 587 4413 quod
609 4335 669 4392 iam
690 4355 746 4413 per
767 4355 800 4394 se
822 4338 897 4396 satis
928 4336 1094 4415 probabile·
1111 4346 1171 4412 est,
1202 4336 1360 4402 nonnullis

220 4436 312 4494 ctiam
334 4435 401 4494 aliis
424 4436 611 4514 argumentis
634 4436 870 4500 confirmabitur.
