3252 5108
649 329 861 393 ..69-

274 505 354 565 Nam
375 524 559 584 quamquam
580 504 657 564 haec
684 503 779 563 verba
805 523 868 562 non
899 524 937 562 ex
964 503 1049 563 fonte
1072 523 1126 563 sue
1150 503 1331 564 dosumsisse

191 608 374 678 Diodorum,
404 607 459 666 sed
486 607 600 683 ipsum,
630 624 691 683 quo
715 613 780 664 erat
808 605 927 683 ingenii
956 605 1109 676 acumine,
1142 607 1331 683 excogitasse

191 709 281 767 facile
304 708 454 779 concedo,
479 716 582 766 tamen
604 707 637 766 id
661 708 773 785 optimo
802 707 868 764 iure
890 706 964 764 mihi
986 706 1095 765 videor
1117 706 1232 778 dicere,
1257 707 1330 764 Dio-

192 811 299 868 dorum
320 809 404 868 illam
426 809 611 868 sententiam
633 829 695 866 nou
719 808 814 867 fuisse
837 808 1008 880 allaturum,
1033 807 1092 866 nisi
1115 828 1184 867 eum
1206 809 1330 886 scripto·

191 931 268 982 rem,
293 929 384 988 quem
406 911 438 968 in
461 909 623 968 narrandis
645 908 736 968 robus
760 909 797 968 ab
821 909 997 968 Hamilcare
1013 910 1106 988 gestis
1129 919 1252 969 secutus
1275 917 1328 981 est,

190 1011 392 1070 admiratione
415 1010 597 1069 Hamilcaris
620 1009 789 1069 invenisset
811 1011 964 1070 affectum.

278 1145 421 1203 Novaro
446 1145 599 1222 quispiam
627 1145 700 1203 mihi
727 1140 852 1204 obiiciat
885 1145 1137 1205 verisimillimum
1165 1165 1231 1205 esse
1258 1146 1332 1206 Dio-

193 1247 299 1304 dorum
322 1265 361 1304 ex
385 1245 492 1305 eodem
514 1246 600 1304 fonte
623 1253 654 1305 et
675 1244 750 1305 belli
770 1245 881 1305 Punici
904 1247 1030 1307 alterius
1052 1247 1211 1306 historiam
1233 1255 1263 1306 et
1285 1267 1333 1306 res

191 1347 229 1405 ab
251 1346 442 1419 Hamilcare,
472 1346 683 1418 Hasdrubale,
713 1347 891 1406 Hannibale
918 1349 949 1406 in
974 1347 1128 1426 Hispania
1150 1356 1250 1426 gestas
1281 1348 1332 1408 de·

190 1448 347 1519 sumsisse,
371 1448 473 1506 statim
496 1467 541 1518 ea,
565 1467 645 1526 quae
667 1447 823 1506 Diodorus
845 1448 903 1506 hac
926 1447 965 1507 da
988 1469 1020 1507 re
1043 1449 1187 1522 narravit,
1212 1469 1331 1527 compa-

192 1548 325 1608 rabimus
348 1569 416 1608 cum
431 1549 483 1620 iis,
508 1567 588 1627 quae
602 1545 766 1626 Appianas
782 1550 814 1606 in
837 1549 1059 1628 „Hispanicis“
1083 1569 1162 1630 quae
1185 1559 1334 1608 vocantur

191 1651 303 1711 attulit.
326 1649 611 1708 Demonstrabimus
628 1649 709 1708 anim
723 1658 831 1728 postea
846 1651 878 1708 in
895 1649 1096 1710 describendo
1112 1651 1193 1710 hello
1216 1651 1333 1711 Punico

158 1817 159 1820 Ἴ
192 1751 288 1809 altero
311 1751 482 1810 Diodorum
505 1751 638 1809 eundem
660 1750 777 1810 fontem
806 1759 898 1830 atque
919 1751 1100 1830 Appianum
1122 1752 1311 1811 adhibuisse.

192 1852 296 1910 Nihilo
337 1859 439 1911 autem
471 1853 571 1910 minus
611 1853 643 1910 in
683 1853 846 1911 narrandis
879 1853 931 1925 iis,
973 1873 1053 1932 quae
1087 1853 1125 1913 ab
1158 1853 1334 1912 Hamilcare

193 1955 224 2012 in
241 1953 394 2031 Hispania
417 1961 503 2030 gesta
524 1962 610 2025 sunt,
639 1952 796 2012 Diodorus
820 1962 850 2012 et
871 1953 1034 2032 Appianas
1058 1955 1090 2012 in
1107 1953 1242 2013 diversas
1266 1975 1333 2033 par-

192 2063 238 2114 tes
262 2054 434 2114 discedunt.
463 2052 568 2132 Atque
590 2055 722 2114 maxima
744 2053 868 2132 quidem
890 2056 971 2114 inter
991 2039 1162 2114 Diodorum
1186 2064 1216 2114 et
1237 2055 1334 2133 Appi·

193 2176 286 2215 anum
309 2155 483 2214 differentia
511 2175 549 2213 ea
577 2163 635 2228 cst,
665 2155 749 2233 quod
778 2155 867 2227 alter,
896 2154 1075 2235 Appianas,
1106 2157 1139 2213 in
1160 2156 1225 2214 eius
1253 2154 1333 2226 libri,

193 2277 254 2336 quo
278 2257 316 2315 de
339 2255 429 2315 rebus
444 2255 621 2335 Hispanicis
644 2257 721 2333 egit,
756 2258 858 2334 oapfh
888 2256 1092 2316 Hamilcarem
1115 2264 1233 2329 narrat,
1268 2277 1336 2315 cum

195 2357 496 2435 Carthaginiensium
531 2358 612 2416 acies
641 2356 780 2416 curribus
814 2358 1008 2417 inflammatis
1044 2358 1215 2418 disturbata
1245 2366 1334 2431 esset,

194 2459 232 2518 ah
263 2459 410 2537 Hispanis
438 2461 569 2518 occisum
601 2479 681 2530 esse,
705 2458 738 2517 id
758 2458 842 2536 quod
871 2459 1006 2518 Zonaras
1035 2478 1161 2538 quoque
1180 2459 1233 2518 lib.
1258 2459 1337 2518 VIIl

195 2580 261 2638 cap.
280 2561 318 2618 19
342 2561 485 2632 tradidit,
510 2559 667 2618 Diodorus
689 2579 771 2632 vero,
796 2579 980 2638 quamquam
1003 2569 1033 2618 et
1047 2561 1114 2638 ipse
1129 2561 1336 2638 Hispanorum

195 2661 321 2720 artificio
351 2660 622 2739 Carthaginienses
649 2661 745 2718 victos
780 2679 846 2719 esse
878 2660 965 2732 dicit,
995 2669 1097 2720 tamen
1127 2681 1269 2722 curruum
1290 2662 1335 2720 in-

196 2783 356 2822 censorum
370 2762 558 2820 mentionem
580 2780 643 2819 non
659 2761 750 2832 facit,
774 2760 830 2819 sed
853 2759 1030 2820 Orissonem
1046 2783 1149 2840 regem
1171 2763 1288 2822 Barcae
1303 2783 1336 2821 se

196 2885 262 2924 esse
284 2863 498 2922 amicissimum
530 2862 725 2920 simulantem
754 2861 854 2922 subito
884 2861 1155 2941 Carthaginienses
1184 2863 1222 2922 ab
1249 2872 1336 2941 tergo

196 2965 337 3024 adortum
360 2983 426 3022 esse
448 2971 566 3038 narrat,
592 2963 634 3021 ita
656 2964 770 3022 factum
793 2984 873 3037 esse,
898 2972 932 3022 ut
955 2963 1226 3042 Carthaginienses
1250 2973 1337 3042 terga

183 3073 367 3138 uerterent,
391 3063 595 3124 Hamilcarem
623 3064 809 3142 fugientem,
835 3086 903 3124 oum
930 3085 1050 3124 amnem
1077 3066 1205 3144 pervehi
1231 3065 1333 3138 vallet,

196 3167 288 3226 undis
315 3165 478 3244 abreptum
501 3186 577 3226 esse.

282 3303 401 3380 Quodsi
424 3302 456 3360 in
478 3302 527 3360 his
548 3303 630 3360 inter
651 3300 824 3359 Diodorum
853 3310 883 3358 et
904 3297 1083 3378 Appianum
1110 3313 1226 3360 summa
1254 3310 1339 3363 extat

199 3399 388 3476 differentia,
416 3402 588 3461 Diodorum
609 3415 671 3461 non
700 3401 808 3460 eodem
831 3402 916 3460 fonte
938 3402 971 3459 in
993 3400 1075 3460 bello
1098 3402 1217 3462 Punico
1240 3403 1336 3462 altero

199 3505 402 3566 describendo
426 3503 510 3564 etin
533 3503 594 3562 illis
617 3503 796 3582 fragmentis
824 3523 912 3561 usum
941 3523 1007 3562 asse
1031 3523 1155 3562 necesse
1185 3512 1230 3562 est
1250 3513 1337 3582 putc-

198 3627 280 3680 mus,
315 3608 388 3686 quia
419 3604 503 3684 apud
528 3605 709 3684 Appianum
741 3604 866 3683 quidem
898 3624 999 3663 rerum
1032 3603 1069 3662 ah
1098 3604 1273 3664 Hamilcare
1305 3606 1338 3663 in

198 3709 352 3787 Hispania
374 3716 525 3786 gestarum
549 3707 684 3765 narratio
713 3706 879 3766 arctissime
912 3705 1055 3764 cohaeret
1083 3698 1161 3764 cuns
1178 3705 1229 3778 iis,
1259 3725 1339 3784 quae

201 3809 342 3869 debello
365 3809 484 3869 Punico
507 3808 603 3868 altero
626 3807 801 3867 traduntur.
932 3801 935 3810 ’

283 3943 332 4003 Ex
352 3945 389 4003 iis
404 3944 512 4022 igitur,
537 3963 617 4023 quae
633 3942 868 4022 disputavimus,
894 3962 962 4001 cum
976 3941 1148 4000 Diodorum
1163 3960 1226 4000 non
1241 3942 1340 4000 solum

200 4065 250 4119 ea,
274 4064 355 4126 quae
379 4043 521 4104 debello
544 4045 662 4104 Punico
685 4045 781 4123 primo
804 4052 917 4116 narrat,
942 4042 997 4103 sed
1013 4043 1105 4102 etiam
1128 4062 1179 4114 ea,
1205 4043 1339 4121 quaeda

201 4146 292 4206 rebus
326 4145 364 4205 ab
396 4145 571 4204 Hamilcare
603 4146 636 4204 in
669 4145 823 4225 Hispania
854 4146 946 4220 gestie
978 4143 1120 4216 tradidit,
1156 4163 1194 4202 ex
1214 4143 1339 4203 Philiuo

202 4247 384 4307 desumsisse
407 4253 569 4325 appareat,
599 4265 682 4305 nuno
710 4248 750 4306 ad
773 4267 809 4306 ea
831 4245 962 4305 Diodori
984 4245 1157 4323 fragmenta
1178 4245 1340 4304 tractanda

199 4348 407 4419 transibimus,
442 4346 552 4426 quibus
579 4350 856 4407 mercennariorum
883 4346 1012 4407 militum
1041 4344 1341 4425 Carthaginiensium

201 4449 312 4510 seditio
336 4448 527 4509 describitur.
561 4447 666 4527 Atque
693 4449 769 4508 haec
797 4425 920 4527 quidem
942 4447 1115 4526 fragmenta
1149 4468 1187 4506 ex
1208 4447 1339 4526 Polybio
