3252 5108
757 320 967 384 ..76-

289 498 372 557 modi
395 518 457 570 res,
482 496 593 575 quibus
616 503 670 554 aut
691 495 855 554 honestum
878 502 931 553 aut
959 512 1087 570 pravum
1110 492 1317 551 cumularetur
1338 501 1431 572 atque

289 601 377 658 fieret
400 598 576 669 dilucidius,
613 598 796 668 inseruisse,
831 613 1016 673 quamquem
1037 593 1120 671 apud
1150 613 1220 653 eum
1242 595 1429 672 scriptorem,

290 721 381 780 quem
402 708 524 759 secutus
548 706 607 771 est,
633 717 684 757 sas
707 718 771 757 non
793 695 981 755 inveniebat.

375 801 475 878 Quem
508 799 764 858 consuetudinem
796 806 830 856 ut
866 795 1013 872 exemplis
1044 795 1222 873 probemus,
1258 798 1430 875 fragmento

289 902 368 963 XVI
393 899 472 979 (exe.
496 901 526 959 d.
554 899 623 959 virt.
653 909 683 959 et
704 900 758 958 vit.
782 900 857 971 568,
883 894 957 974 569)
982 895 1205 970 Hannibalem,
1230 887 1298 955 curn
1319 898 1432 958 milites

291 1003 464 1083 Sempronii
480 1021 590 1080 corpus
607 1001 774 1060 dilacerare
790 999 916 1072 vellent,
933 1018 973 1056 ne
988 998 1020 1056 id
1034 998 1130 1071 fieret,
1147 999 1282 1059 vetuisse
1297 1001 1432 1077 magnis-

232 1111 237 1116 ’
290 1125 440 1183 quocum
465 1102 632 1162 honoribus
659 1101 870 1180 Sempronium
892 1099 1071 1179 sepelivisse
1093 1108 1245 1159 narratur.
1267 1099 1432 1180 Appianus
1476 1081 1494 1092 ⁵

290 1208 362 1266 vero
386 1215 416 1264 et
438 1200 545 1264 Livius
573 1213 607 1263 ut
635 1206 667 1263 in
696 1203 804 1262 ceteris
833 1201 923 1260 rebus
957 1220 1025 1259 cum
1052 1200 1191 1260 Diodoro
1222 1203 1431 1276 consentiunt,

291 1309 334 1367 ita
356 1308 388 1365 in
412 1327 449 1366 ea
472 1306 510 1365 ab
534 1304 745 1376 sedifferunt,
770 1302 853 1381 quod
875 1303 987 1362 milites
1003 1301 1176 1381 Sempronii
1191 1323 1299 1383 eorpus
1315 1305 1433 1363 violare

291 1409 426 1468 voluisse
450 1428 513 1466 non
536 1412 781 1466 commemorant.

375 1509 494 1568 Eadem
526 1518 628 1566 autem
661 1508 738 1566 ratio
773 1514 818 1564 est
849 1504 903 1564 lib.
926 1503 1055 1563 XXVII
1085 1504 1250 1583 fragmenti
1280 1507 1318 1564 12
1353 1503 1432 1583 (exc.

291 1611 362 1670 Vst.
379 1630 409 1689 p.
427 1606 564 1686 63-66)
588 1628 658 1686 quo,
682 1627 774 1686 quam
789 1606 919 1665 subdole
935 1604 1207 1683 Carthaginienses
1230 1607 1263 1666 in
1279 1606 1433 1686 Scipionis

291 1712 409 1789 legatos
432 1731 499 1770 sese
528 1710 694 1788 gesserint,
725 1707 902 1767 describens
930 1709 1056 1766 numine
1079 1694 1204 1767 deorum
1228 1710 1343 1767 factum
1364 1728 1434 1768 esse

292 1812 379 1885 dicit,
405 1821 439 1872 ut
456 1810 756 1888 Carthaginiensium
776 1809 872 1886 legati
887 1809 985 1868 Roma
1006 1808 1172 1868 redeuntes
1194 1818 1377 1888 tempestate
1399 1811 1434 1868 in

293 1913 448 1993 Scipionis
476 1921 574 1971 eastra
603 1911 810 1983 deferrentur,
839 1910 923 1969 unde
947 1909 1049 1988 Scipio
1078 1931 1129 1969 eos
1151 1912 1288 1989 integros
1305 1910 1433 1972 Cartha-

292 2016 395 2092 ginem
416 2015 541 2073 miserit.
579 2011 649 2090 Qua
676 2013 709 2070 in
737 2032 771 2071 re
793 2033 862 2070 cum
882 2010 1038 2070 Diodorus
1061 2031 1185 2090 prorsus
1208 2015 1381 2073 consentiat
1404 2021 1436 2072 et

292 2135 359 2174 cum
385 2115 531 2194 Appiano
561 2122 591 2172 et
619 2133 688 2171 cum
715 2112 803 2182 Livio
832 2121 863 2172 st
890 2133 959 2171 cum
986 2113 1107 2172 Zonara
1135 2123 1166 2174 et
1194 2135 1261 2174 cum
1288 2114 1432 2193 Polybio,

290 2218 424 2294 reliqua,
450 2235 528 2294 quae
552 2236 570 2274 a
592 2214 731 2272 Diodoro
760 2215 825 2272 solo
849 2213 1031 2287 efferuntur,
1063 2214 1102 2273 ab
1125 2216 1193 2294 ipso
1215 2217 1343 2275 inventa
1366 2235 1434 2275 esse

292 2325 431 2396 apparet.
455 2316 539 2374 Dicit
562 2315 644 2373 enim
665 2313 818 2391 Scipionis
840 2315 952 2373 milites
974 2315 1108 2375 voluisse
1131 2314 1435 2395 Carthaginiensium

292 2418 410 2495 legatos
434 2415 572 2489 caedere,
599 2415 682 2494 quod
704 2415 774 2474 idco
803 2415 955 2474 adiectum
978 2424 1038 2489 est,
1074 2437 1133 2496 quo
1162 2419 1258 2496 magis
1282 2417 1434 2496 Scipionis

294 2519 470 2577 humanitas
494 2518 637 2577 eluceret.

375 2619 455 2678 Nam
476 2619 553 2679 haec
582 2639 620 2677 ex
649 2639 685 2677 eo
713 2618 860 2697 scriptore
884 2619 1022 2678 desumta
1045 2638 1127 2693 esse,
1158 2640 1249 2698 quem
1271 2615 1434 2699 Appianas

293 2740 414 2800 quoque
436 2721 468 2778 in
486 2718 687 2778 describendo
703 2718 785 2778 bello
802 2720 920 2778 Punico
936 2720 1033 2779 altero
1048 2728 1169 2781 secutus
1191 2731 1251 2795 est,
1270 2742 1308 2781 ex
1322 2743 1436 2801 magna

294 2842 330 2880 ea
351 2822 552 2880 similitudine
575 2820 759 2880 concludere
783 2820 943 2894 debemus,
967 2841 1045 2900 quae
1068 2823 1149 2882 inter
1171 2822 1302 2882 Diodori
1324 2833 1354 2882 et
1368 2823 1433 2902 Ap-

293 2923 379 3000 piani
401 2921 495 2980 verba
518 2929 610 2981 extat.

386 3121 500 3186 Appiam.
519 3121 623 3171 Punica
641 3136 698 3187 cap.
716 3123 757 3171 34.
1100 3124 1211 3176 Diodor.

338 3221 368 3287 oi
384 3223 419 3286 δὲ
435 3222 644 3302 καὶπρέεβειε
659 3220 760 3285 αὐτοῦ
775 3241 849 3299 κρα-
919 3223 937 3286 ὁ
974 3224 1109 3290 (κιπίων
1149 3223 1312 3290 ἀπέιτειλε
1348 3227 1431 3304 πρόε

293 3328 360 3389 τεῒν
377 3323 552 3388 ἐπενόουν·
573 3360 613 3367 -
637 3323 719 3387 ἀλλὰ
736 3326 849 3389 reticos
879 3326 1116 3405 Καρχηδονίου(
1142 3327 1303 3407 πρέεβειε·
1338 3327 1370 3392 o‘r
1399 3330 1434 3391 b’

294 3427 398 3504 μὲν-
408 3425 568 3491 ἐξείλοντο
575 3428 633 3488 τοῦ
641 3425 784 3502 πλήθουε
800 3427 851 3490 καὶ
877 3427 968 3506 ὄχλοι
983 3429 1064 3508 παρ’
1085 3427 1197 3505 ὀλίγον
1213 3428 1331 3493 αὐτοὺ(
1347 3429 1433 3494 ἀνεῖ-

187 3607 188 3612 ¹
295 3527 509 3606 προύπεμπον
526 3526 765 3605 δύοτριήρεειν·
784 3527 849 3592 ἕτε-
878 3532 950 3594 λον·
979 3530 1009 3593 οἱ
1036 3531 1071 3594 δὲ
1087 3531 1206 3596 ευνέεει
1222 3531 1433 3612 διαφέροντεε

298 3649 348 3708 ροι
374 3629 410 3692 δὲ
438 3626 631 3707 Ἀεδρούβαν
652 3629 711 3692 τὸν
732 3620 1012 3707 ναύαρ-λτούτουε
1054 3631 1232 3710 ἐξήρπαεαν
1263 3633 1314 3697 καὶ
1354 3634 1433 3711 μετὰ

295 3749 355 3808 χον
378 3729 521 3812 ἔπειεαν,
543 3730 622 3796 ὅταν
646 3730 804 3795 crocces
820 3710 1015 3813 uilrprripurv
1040 3733 1232 3814 ἐξέπεμψαν.
1266 3734 1358 3798 οἱ.δὲ
1379 3738 1433 3812 δη-

295 3831 483 3911 πρόπομιιοι
513 3832 664 3910 τριήρεις,
693 3832 851 3896 ἐπιθέεθαι
862 3824 865 3938 l
877 3839 1110 3913 μοκρατοῦντεε
1125 3839 1183 3901 τὸν
1199 3834 1362 3915 ναύαρχον
1372 3855 1432 3899 ποι-

297 3937 439 3999 relictori
466 3933 654 3998 (terriursoc¹
681 3932 766 3997 καὶὸ
793 3935 850 4014 μὲν
879 3939 1124 4020 ρεκελεύεαντο,
1161 3939 1240 4004 ὅταν
1270 3935 1301 4000 αἱ
1330 3957 1431 4016 παρα-

297 4035 438 4100 ἐπέθετο.
879 4038 1040 4118 πέμψαεαι
1066 4041 1203 4119 τριήρει(
1225 4038 1431 4118 ἀναετρὲψω-

877 4159 935 4222 ειν,
951 4139 1135 4206 ἐπιπλεῦεαι
1147 4145 1216 4205 τοῖς
1228 4145 1435 4220 πρεεβειιταῑε

877 4241 928 4304 καὶ
942 4241 1268 4323 πάνταεάποεφάξαι·
1284 4244 1302 4306 ὃ
1315 4245 1368 4307 καὶ
1381 4244 1433 4319 γέ-

876 4363 983 4417 γονεν.
