3252 5108
832 1056 886 1136 ll.

290 1208 471 1294 Quosnam
494 1210 689 1303 scriptores
714 1198 862 1282 secutus
893 1208 943 1280 sit
968 1207 1148 1280 Diodorus
1172 1208 1211 1278 in
1236 1208 1431 1281 narrandis

509 1327 618 1400 rebus
643 1326 896 1399 Romanorum
923 1325 1202 1419 antiquissimis.

315 1548 317 1552 .
376 1497 442 1556 Iam
470 1517 560 1570 vero,
592 1496 702 1576 quibus
731 1497 868 1556 fontibus
890 1497 1047 1555 Diodorus
1075 1497 1107 1554 in
1130 1496 1349 1574 antiquissimis
1371 1497 1430 1556 Ro-

290 1619 447 1658 manorum
464 1599 554 1657 rebus
570 1598 734 1658 narrandis
749 1618 821 1657 usus
832 1599 881 1671 sit,
898 1599 1059 1677 quaerenti
1074 1596 1148 1655 mihi
1163 1598 1293 1675 primum
1309 1598 1431 1676 quidem

290 1700 516 1772 Mommsenius,
541 1701 590 1758 vir
612 1720 692 1758 unns
715 1699 849 1758 omnium
872 1698 1094 1776 sagacissimus,
1118 1718 1234 1757 summa
1256 1699 1288 1755 vi
1311 1706 1357 1756 est
1380 1719 1431 1777 op-

291 1801 487 1880 pugnandus.

374 1903 405 1961 Is
429 1902 510 1960 enim
532 1902 565 1959 in
589 1901 655 1960 eius
676 1900 756 1973 libri,
780 1920 840 1980 quo
865 1900 903 1959 de
918 1901 1125 1959 Romanorum
1141 1898 1344 1978 chronologia
1360 1901 1429 1979 egit,

290 2024 361 2083 pag.
393 2005 453 2061 152
496 2002 667 2062 Diodorum
708 2023 744 2061 ex
778 1995 888 2061 eodem
919 2001 1005 2060 fonte
1040 2009 1071 2059 et
1104 1999 1295 2059 Albanorum
1328 2022 1432 2080 regum

291 2105 437 2178 indicem,
464 2105 516 2182 qui
539 2105 570 2162 in
593 2103 724 2162 Diodori
747 2103 919 2181 fragmento
943 2101 981 2162 ab
1003 2101 1139 2161 Eusebio
1162 2102 1194 2160 in
1217 2103 1319 2180 priore
1341 2099 1431 2161 cano'-

290 2227 363 2266 num
385 2205 463 2264 libro
493 2213 673 2264 conservato
703 2213 801 2277 extat,
830 2213 860 2263 et
889 2224 955 2264 eam
978 2203 1176 2281 computandi
1204 2205 1369 2276 rationem,
1395 2225 1433 2262 ex

290 2326 351 2385 qua
366 2308 464 2365 Roma
487 2305 584 2365 altero
605 2307 754 2384 septimae
776 2305 960 2386 olympiadis
978 2325 1060 2364 anno
1081 2304 1206 2363 condita
1229 2323 1294 2362 esse
1311 2304 1429 2376 dicitur,

292 2407 474 2465 desnmsisse
503 2407 624 2481 statuit;
655 2405 738 2483 quod
766 2406 812 2464 uti
839 2405 982 2477 sentiret,
1013 2425 1049 2464 eo
1078 2407 1267 2485 potissimum
1289 2405 1431 2464 inductus

292 2517 352 2581 ost,
378 2508 459 2587 quod
485 2508 522 2566 de
551 2528 587 2565 ea
616 2508 857 2580 necessitudine,
887 2527 966 2585 quae
995 2507 1076 2565 inter
1097 2506 1229 2565 Diodori
1251 2507 1328 2566 illud
1350 2507 1431 2585 frag-

290 2618 425 2669 mentum
442 2618 472 2668 et
487 2608 621 2687 reliques
633 2607 823 2668 Albanorum
839 2629 944 2686 regum
960 2609 1087 2681 indices,
1101 2609 1153 2686 qni
1170 2608 1252 2687 apud
1263 2608 1432 2667 Eusebium

292 2721 322 2768 et
344 2710 567 2790 Hieronymum
591 2719 710 2782 extant,
735 2709 813 2768 falso
837 2709 993 2768 iudicavit.

376 2812 413 2871 In
437 2812 490 2871 illo
514 2812 594 2870 enim
609 2810 766 2871 Diodoreo
790 2812 961 2889 fragmento
983 2810 1015 2868 hi
1030 2809 1222 2869 Albanorum
1237 2831 1342 2889 regum
1357 2812 1431 2870 anui

291 2920 504 2972 numerantur:

442 3011 566 3071 Aeneas
589 3013 665 3071 vixit
687 3021 756 3092 post
779 3013 869 3071 Ilium
893 3022 1014 3090 captum
1128 3016 1144 3071 [i
1168 3033 1265 3072 annos

441 3113 593 3174 Ascanius
729 3115 883 3192 regnavit:
1104 3116 1143 3172 38
1209 3160 1227 3187 „

444 3216 557 3275 Silvius
792 3261 809 3288 „
877 3211 902 3274 τ’
1103 3217 1142 3273 29
1208 3260 1225 3287 ,,

443 3317 567 3376 Aeneas
591 3317 705 3375 Silvius
791 3363 808 3389 „
877 3341 882 3375 :
1103 3319 1144 3374 30
1209 3361 1226 3387 „

443 3417 524 3475 Alba
791 3463 808 3490 „
877 3441 882 3474 :
1103 3419 1143 3475 38
1210 3461 1226 3488 „

443 3520 573 3578 Latinus
589 3519 702 3578 Silvius
793 3564 810 3589 „
878 3542 883 3576 :
1103 3519 1144 3575 50
1209 3562 1226 3590 „

442 3623 552 3699 Epitus
792 3664 809 3691 „
876 3643 882 3676 t
1103 3620 1142 3677 ‘2ss
1211 3664 1227 3690 „

444 3721 548 3802 Capys
794 3765 812 3792 „
879 3745 884 3778 :
1104 3719 1143 3776 28
1209 3764 1226 3790 „

444 3822 590 3902 Calpetus
793 3867 810 3894 ,‚
878 3846 884 3879 :
1105 3823 1143 3878 13
1209 3865 1215 3892 ,

445 3925 585 3984 Tiberin.
610 3923 723 3983 Silvius
794 3969 810 3995 „
878 3947 883 3980 z
1124 3924 1143 3980 8
1209 3967 1226 3994 „

442 4027 597 4107 Agrippas
793 4069 811 4096 „
878 4045 900 4082 :¹
1102 4023 1141 4080 41
1208 4070 1226 4097 „

443 4128 590 4187 Aemulus
614 4127 742 4186 Silvius
792 4171 808 4196 „
877 4147 883 4181 :
1106 4127 1142 4183 19
1209 4172 1226 4198 „

443 4231 618 4289 Aventinus
792 4272 809 4298 ,‚
877 4250 882 4283 :
1103 4228 1142 4284 37
1208 4273 1225 4298 „

444 4331 555 4388 Procas
579 4330 692 4388 Silvius
792 4373 809 4399 „
877 4351 881 4384 :
1102 4328 1141 4385 23
1207 4373 1225 4399 „

444 4432 582 4490 Amulius
792 4475 808 4498 „
878 4453 882 4486 :
1102 4429 1142 4485 42
1209 4475 1226 4502 „
