3252 5108
763 327 972 390 ..22-

293 501 478 581 Thucydide
501 467 602 580 neqbe
630 522 648 560 a
675 502 812 561 Diodoro
842 510 1106 574 commemoratur,
1136 503 1179 560 ita
1200 502 1240 560 ad
1270 499 1435 559 Philistum

294 603 407 681 optime
429 603 561 662 refertur
582 621 673 682 quem
696 603 771 662 illud
794 623 935 663 narrasse
959 623 998 662 ex
1020 597 1227 682 Pausaniae³)
1250 602 1271 660 l.
1294 601 1320 662 I.
1344 623 1370 659 c.
1394 603 1433 659 29

294 704 512 782 cognoscimus.

379 805 522 883 Denique
537 806 682 883 temporis
697 806 893 883 significandi
908 807 995 877 ratio,
1013 825 1080 892 qua¹
1088 804 1271 862 Plutarchus
1287 804 1319 860 in
1335 803 1435 881 capite

295 907 552 985 duodetrigesimo
568 907 676 977 utitur,
694 907 808 984 optimo
831 908 897 966 iure
919 907 969 966 hic
984 906 1086 965 afferri
1101 905 1175 964 mihi
1190 905 1321 964 videtur.
1352 905 1435 963 Dicit

293 1011 375 1068 enim
396 1009 488 1068 haec:
516 1003 618 1083 ἡμέρα
639 1003 672 1067 δ’
692 1003 732 1082 ἧν
753 1004 866 1081 serpet
886 1003 1062 1084 φθίνοντο(
1076 1005 1136 1066 τοῦ
1156 1001 1309 1080 Καρνείου
1324 1002 1434 1084 μηνόε,

293 1107 332 1171 ὃν
348 1107 508 1185 Ἀθηναῖοι
532 1106 790 1181 Μεταγειτνιῶνα
811 1104 1092 1183 προεαγορεύουα.
1128 1107 1186 1165 His
1209 1114 1311 1164 autem
1332 1106 1434 1165 verbis

292 1219 374 1270 certe
396 1210 579 1270 Plutarchus
595 1229 658 1267 nou
681 1229 753 1267 usus
769 1217 860 1282 esset,
885 1210 945 1268 nisi
969 1228 1006 1268 ea
1027 1211 1059 1267 in
1076 1208 1212 1267 duriensi
1236 1228 1271 1267 eo
1287 1209 1435 1286 scriptore

292 1313 476 1384 invenisset,
501 1331 592 1389 quem
615 1312 680 1388 ipso
703 1310 756 1368 illo
778 1310 845 1368 loco
870 1307 1020 1368 adhibuit.

378 1412 499 1490 Quodsi
514 1413 674 1470 statuimus
690 1411 812 1470 initium
822 1412 930 1489 capitis
948 1410 1199 1489 duodetrigesimi
1217 1411 1256 1469 ad
1272 1411 1436 1470 Philistum

294 1516 520 1595 Syracusanum
536 1533 602 1572 esse
618 1512 822 1584 referendum,
840 1513 992 1591 sequitur,
1010 1521 1044 1571 ut
1058 1513 1099 1584 is,
1124 1512 1247 1570 invito
1265 1511 1355 1591 Gyli
1362 1533 1434 1591 ppo

292 1617 412 1675 Niciam
434 1623 464 1674 et
488 1613 726 1672 Demosthenem
748 1621 873 1672 necatos
896 1633 977 1685 esse,
1002 1615 1182 1672 narraverit.
1217 1613 1327 1691 Itaque
1362 1614 1434 1672 Dio·

294 1719 386 1776 dorus
415 1735 517 1794 neque
546 1735 584 1772 ex
609 1713 796 1794 Thucydide
825 1732 926 1791 neque
955 1733 994 1773 ex
1021 1714 1148 1772 Timaeo
1179 1732 1280 1792 neque
1304 1735 1342 1773 ex
1363 1714 1434 1774 Phi·

213 1805 215 1815 ¹
292 1821 362 1878 listo
387 1839 436 1890 ea,
461 1836 540 1896 quae
564 1815 602 1875 de
625 1814 862 1890 Atheniensium
891 1816 922 1872 in
947 1813 1082 1873 Siciliam
1105 1814 1302 1892 expeditione
1332 1815 1436 1874 retulit
1512 1863 1518 1876 .

294 1920 471 1997 desumpsit.
500 1916 552 1975 Ad
567 1917 729 1974 Philistum
745 1924 847 1975 autern
862 1936 894 1975 se
917 1916 1089 1994 applicasse
1105 1916 1276 1974 Diodorum
1291 1937 1331 1976 ne
1347 1925 1432 1996 pute-

292 2042 372 2094 mus,
407 2028 438 2080 et
466 2021 517 2092 iis,
553 2018 591 2078 de
619 2017 730 2097 quibus
759 2037 851 2095 supra
874 2019 997 2092 egimus,
1028 2019 1127 2076 causis
1149 2037 1307 2077 monemur
1341 2028 1371 2078 et
1399 2039 1434 2078 eo

295 2123 419 2183 dicendi
451 2140 584 2200 genere,
609 2139 670 2198 quo
682 2119 838 2178 Diodorus
853 2119 886 2176 in
917 2120 1050 2197 copiosis
1066 2119 1126 2177 illis
1151 2119 1341 2178 orationibus
1363 2140 1435 2179 usus

293 2233 349 2282 est.
379 2222 543 2280 Philistum
559 2221 649 2291 enim,
667 2238 757 2297 quem
774 2218 881 2278 Oicero
897 2219 1041 2298 pusillum
1055 2220 1272 2301 Thucydidem
1287 2223 1433 2294 nominat,

202 2305 203 2310 ἵ
293 2326 379 2384 arido
404 2325 508 2382 ieiuno
525 2321 671 2398 implicito
689 2319 814 2380 dicendi
830 2340 943 2398 genere
958 2341 1047 2378 usum
1070 2340 1136 2379 esse
1158 2322 1278 2381 scimus.
1308 2323 1337 2381 Ii
1351 2344 1433 2397 vero,

292 2447 368 2505 quos
391 2424 546 2483 Diodorus
575 2421 628 2480 illo
656 2420 723 2480 loco
747 2421 821 2479 facit
850 2421 1069 2480 concionantes
1097 2429 1159 2480 tam
1188 2422 1346 2500 eleganter
1374 2432 1435 2484 tam

290 2537 372 2587 terse
394 2535 487 2604 atque
502 2524 597 2604 polite
613 2532 675 2581 tam
691 2523 841 2582 rhetorice
856 2521 1034 2601 loquuntur,
1059 2531 1092 2581 ut
1115 2543 1220 2582 eorum
1236 2526 1332 2583 oratio
1355 2545 1433 2585 sum-

294 2648 417 2707 mopere
441 2626 604 2686 abhorreat
627 2645 645 2682 a
666 2623 827 2683 Philistea.
1290 2636 1293 2642 ·

378 2730 481 2807 Atque
503 2727 677 2786 invenimus
700 2746 774 2785 sane
797 2747 815 2785 a
837 2725 976 2785 Diodoro
1006 2728 1108 2785 omnia
1136 2748 1173 2786 ea
1201 2728 1328 2786 artificia
1349 2748 1433 2789 usur-

294 2840 381 2909 pata,
406 2849 485 2908 quae
508 2849 526 2886 a
542 2827 685 2906 sophistis
701 2847 737 2885 ac
752 2826 926 2886 rhetoribus
941 2828 1122 2887 Platonicae
1137 2830 1247 2889 aetatis
1264 2829 1434 2889 oratoribus

293 2929 581 3010 suppeditabantur.
596 2927 743 2986 Nicolaus
759 2928 849 2999 enim,
866 2929 919 3006 qui
935 2928 1108 2988 Siculorum
1130 2930 1370 2990 misericordiam
1383 2951 1433 2990 ex-

293 3034 387 3093 citare
410 3031 527 3102 studet,
551 3049 647 3088 senex
662 3028 851 3099 nominatur,
875 3029 927 3105 qui
948 3048 1131 3107 quamquam
1152 3030 1270 3089 duobus
1285 3031 1322 3090 ab
1338 3030 1433 3091 Athe-

293 3133 452 3194 niensibus
478 3131 601 3190 orbatus
623 3130 662 3188 sit
684 3128 767 3200 filiis,
797 3135 901 3188 tamen
928 3129 1007 3188 adeo
1030 3150 1093 3188 non
1121 3131 1290 3191 ulciscendi
1312 3131 1434 3192 libidini

293 3235 464 3305 indulserit,
489 3241 523 3292 ut
537 3231 746 3291 Athenienses
761 3229 930 3289 servandos
947 3250 1013 3290 esse
1029 3240 1177 3291 censeret.
1209 3231 1316 3293 Oratio
1332 3243 1433 3294 autem

293 3338 372 3408 eius,
397 3354 477 3414 quae
492 3341 527 3392 ut
542 3353 560 3391 a
575 3353 650 3392 sene
671 3331 777 3392 habita
792 3333 865 3390 satis
880 3331 975 3410 longa
997 3339 1056 3404 est,
1075 3353 1141 3392 eam
1156 3333 1280 3394 exhibet
1296 3336 1431 3408 formam,

292 3457 371 3516 quae
393 3436 444 3496 vel
465 3435 602 3494 Isocrate
618 3433 752 3492 omnium
775 3432 961 3493 Graecorum
990 3431 1186 3498 disertissimo
1210 3435 1305 3514 digna
1326 3437 1375 3495 sit.
1457 3451 1460 3458 ’

380 3539 460 3597 Nam
481 3557 544 3595 nou
560 3535 657 3594 solum
679 3535 849 3594 sententias
873 3553 911 3593 ex
925 3534 1175 3613 philosophorum
1189 3536 1301 3596 scholis
1323 3537 1433 3616 petitas

292 3641 439 3699 Nicolaus
463 3639 582 3699 Siculus
597 3637 744 3716 proponit
757 3637 813 3695 sed
830 3638 921 3696 etiam
937 3637 1032 3696 multa
1048 3657 1086 3696 ex
1101 3637 1289 3698 Graecorum
1303 3639 1433 3698 historia

294 3743 452 3820 depromta
475 3740 615 3817 exempla
643 3740 744 3811 affert,
776 3747 806 3796 et
828 3737 1040 3816 pulcherrime,
1069 3748 1260 3819 quantopere
1289 3740 1432 3800 Athenae

294 3845 332 3903 de
354 3849 420 3901 tota
442 3840 574 3900 Graecia
597 3840 843 3911 commeruerint,
868 3840 1005 3918 exponit.
1037 3840 1075 3899 Id
1097 3861 1169 3900 vero
1186 3860 1321 3919 quonam
1335 3843 1432 3921 magis

293 3945 428 4025 pertinet
451 3962 542 4021 quam
573 3940 613 3999 ad
634 3939 807 4018 Ephorum,
831 3942 1009 4020 praesertim
1032 3960 1100 4000 cum
1121 3943 1229 4003 laudes
1247 3943 1432 4003 Athenarum

293 4064 476 4124 componere
508 4042 630 4102 scholae
661 4041 837 4101 Isocrateae
877 4062 1067 4120 summopere
1100 4043 1194 4104 fuisse
1228 4065 1318 4104 curae
1351 4045 1434 4104 inter

295 4167 400 4207 omnes
424 4144 564 4205 constet?

360 4463 386 4534 3)
405 4465 434 4516 C.
453 4465 575 4517 Muelleri
593 4465 686 4531 fragm.
705 4463 816 4514 Philisti
834 4479 904 4514 num.
923 4466 963 4515 46.

816 4654 1026 4752 A...
