3252 5108
741 309 950 373 -32-

623 483 752 542 Latinus
775 481 888 542 Silvius

624 583 706 644 Alba
729 583 844 643 Silvius

625 686 737 764 Epitus
761 683 875 743 Silvius

626 785 729 865 Capys
753 784 866 844 Silvius

626 886 771 965 Calpetus
795 885 909 944 Silvius

624 987 768 1046 Tiberius
791 985 905 1045 Silvius

625 1073 767 1167 Agrippa
789 1086 904 1147 Silvius
1026 1160 1028 1164 Α

626 1188 768 1247 Amulius
791 1187 905 1248 Silvius

626 1289 778 1348 Aventius
803 1288 916 1348 Silvius
1017 1289 1057 1346 37

625 1390 738 1448 Procas
761 1389 875 1449 Silvius
1018 1389 1058 1446 23

626 1488 766 1550 Amulius
790 1489 903 1550 Silvius
961 1489 1085 1582 Α

354 1678 393 1736 In
431 1677 490 1736 hoe
517 1696 590 1734 vero
625 1675 726 1733 indice
754 1694 898 1733 numerus
926 1675 1053 1734 XXXV
1085 1695 1153 1734 oum
1182 1675 1273 1734 nulla
1295 1677 1415 1736 ratione

272 1779 420 1858 (explicari
442 1777 552 1857 possit,
577 1774 741 1835 mutandus
765 1783 811 1834 est
833 1776 865 1833 in
881 1775 1019 1848 XXXX,
1044 1795 1135 1854 quern
1158 1796 1317 1835 numerum
1332 1777 1414 1855 apurl

271 1881 497 1960 Hieronymum
520 1895 642 1955 quoque
665 1876 867 1935 inveniemus.
899 1876 987 1954 Quae
1011 1877 1185 1936 emendatio
1209 1878 1234 1936 si
1256 1877 1412 1956 probatur,

271 2001 388 2041 summe
409 1981 518 2038 horum
539 1997 734 2037 numerorum
757 1977 862 2036 existit
884 1979 957 2038 428.

357 2097 477 2178 Quibus
500 2105 602 2157 eutem
615 2096 690 2155 loeis
706 2095 918 2174 Dionysianus
939 2097 1035 2157 index
1057 2097 1094 2157 ab
1118 2095 1254 2156 Eusebio
1278 2099 1415 2157 immuta-

272 2211 321 2260 tus
337 2201 385 2272 sit,
408 2199 584 2258 luculenter
599 2205 743 2276 appetem
757 2196 879 2275 scripsit
891 2198 973 2257 enim
983 2218 1037 2276 pro
1054 2199 1190 2271 51-50,
1208 2218 1263 2276 pro
1279 2199 1414 2272 ter-28,

273 2322 328 2379 pro
351 2299 487 2358 41-40.

357 2416 482 2476 Deinde
514 2416 547 2474 in
583 2415 720 2474 armenie
751 2415 876 2475 alteriue
913 2417 1008 2495 partis
1042 2417 1171 2476 Eusebii
1206 2419 1348 2478 versione
1384 2419 1417 2478 hi

273 2520 391 2579 numeri
419 2524 534 2577 extent.

629 2634 754 2694 Aeneas
1044 2638 1062 2696 6

628 2736 780 2796 Ascanius
1022 2740 1062 2798 38

591 2841 593 2846 '
632 2837 746 2897 Silvius
1022 2841 1062 2898 29

631 2938 762 2996 Latinus
785 2937 899 2997 Silvius
1022 2943 1060 2998 31

630 3037 755 3098 Aeneas
778 3037 893 3098 Silvius
1022 3042 1063 3099 50

631 3138 713 3198 Albe
1024 3143 1063 3200 39

631 3241 757 3318 Epistue
781 3239 894 3300 Silvius
1024 3243 1063 3301 26

632 3341 736 3419 (lapys
1024 3346 1063 3402 28
1104 3345 1217 3405 desunt
1243 3346 1276 3404 hi
1299 3348 1419 3405 numeri

634 3440 806 3521 Carpentus
1025 3447 1063 3506 13
1169 3448 1201 3505 in
1224 3448 1339 3507 codiee.

585 3542 590 3556 '
632 3542 799 3603 Tiberinus
822 3544 937 3604 Silvius
1045 3549 1064 3605 8

632 3645 772 3724 Agrippa
795 3645 910 3706 Silvius
1023 3649 1061 3705 41

632 3747 796 3806 Aremulus
819 3747 933 3807 Silvius
1026 3751 1064 3808 19

634 3847 788 3907 Aventius
812 3849 925 3907 Silvius
1025 3851 1065 3908 37

633 3947 746 4007 Proeas
770 3948 883 4008 Silvius
1026 3951 1063 4008 21

633 4048 775 4108 Amulius
799 4049 913 4110 Silvius
1025 4050 1065 4107 42

365 4219 403 4277 Iu
427 4220 484 4278 hoe
505 4239 627 4299 quoque
650 4218 807 4296 catalogo,
836 4220 862 4278 ei
891 4240 960 4279 eurn
988 4242 1055 4281 eum
1082 4222 1277 4301 Dionysieno
1301 4241 1419 4299 eompa-

281 4341 395 4393 remus‚
420 4321 588 4379 triennium
610 4320 687 4378 illud
704 4321 846 4379 omissum
862 4341 928 4382 esse
943 4323 1092 4383 videmus.
1122 4323 1202 4383 Nem
1223 4342 1278 4403 pro
1294 4323 1421 4382 51-50

281 4433 312 4482 et
333 4444 388 4501 pro
411 4421 536 4480 23-21
564 4421 734 4482 exhibetur.
894 4417 896 4420 ’
