3252 5108
679 337 887 400 -19-

214 515 413 593 Thucydides
447 515 467 572 l.
491 513 536 573 VI
567 532 593 570 c.
619 512 677 571 102
701 531 770 570 eum
792 513 876 590 prius
897 511 1061 585 cecidisse,
1085 531 1176 591 quarn
1199 510 1354 598 Gylippus

215 616 375 675 advenerit
397 615 510 675 tradat.

298 717 421 776 Deinde
443 718 475 774 in
499 715 606 774 eodem
628 715 728 792 capite
745 712 912 792 Gylippnrn
929 714 1033 773 navali
1048 735 1153 792 pugna
1176 734 1244 772 cum
1258 712 1352 772 Athe-

214 818 373 878 niensibus
396 818 555 878 commissa
577 816 707 894 primum
734 815 859 893 quidem
879 818 993 874 victum
1016 834 1098 887 csse,
1123 824 1231 894 postea
1253 823 1355 874 autem

214 919 339 978 adscitis
364 918 525 979 duodecim
547 916 776 976 Corinthiorum
803 917 934 976 navibus
962 917 1150 996 superiorem
1178 936 1215 975 ex
1237 915 1354 993 proelio

215 1021 383 1078 excessisse
397 1020 546 1094 refertur3
568 1017 770 1096 Thucydides
787 1038 859 1076 vero
878 1017 929 1076 lib.
942 1018 1006 1078 VII
1019 1020 1117 1096 cap.6
1136 1025 1207 1096 post
1226 1016 1355 1096 Gylippi

131 1131 136 1142 '
212 1121 371 1180 victoriam
400 1121 541 1179 navalem
569 1118 653 1177 illam
670 1116 897 1178 Corinthiorum
923 1119 1051 1178 classem
1083 1118 1246 1177 advenisse
1271 1116 1354 1176 dicit.

213 1222 358 1299 Denique
392 1221 576 1300 Gylippurn,
613 1240 680 1278 cum
713 1239 750 1278 ex
784 1218 980 1296 interioribus
1016 1218 1140 1278 Siciliae
1177 1216 1354 1296 regionibus

214 1322 415 1402 Syracusanis
444 1321 583 1381 subsidia
610 1320 799 1380 adducturus
823 1329 919 1393 esset,
949 1319 986 1378 ab
1014 1320 1136 1380 infestis
1159 1319 1279 1378 Sicanis
1302 1339 1354 1397 op·
1433 1332 1437 1340 ’

212 1443 351 1502 pressum
386 1443 453 1482 esse
480 1422 696 1501 Thucydides,
732 1439 915 1499 quamquam
948 1421 1034 1480 illum
1076 1420 1184 1480 ducem
1217 1419 1355 1479 subsidia

213 1524 379 1585 adduxisse
395 1524 448 1583 lib.
472 1524 535 1583 VII
558 1542 624 1602 cap.
642 1524 679 1580 21
705 1542 781 1582 sane
804 1532 922 1596 narrat,
953 1543 1016 1581 non
1040 1521 1297 1582 commemoravit.

296 1625 405 1705 Capite
428 1645 510 1684 nono
533 1625 689 1684 Diodorus
706 1624 969 1704 Syracusanorum
992 1634 1022 1683 et
1037 1623 1276 1708 Atheniensium
1298 1643 1352 1701 pu-

211 1748 303 1805 gnam
335 1727 488 1798 navalem,
525 1746 603 1804 quac
634 1727 666 1784 in
700 1726 767 1804 ipso
798 1734 888 1804 portu
921 1725 1003 1785 facta
1037 1734 1097 1797 est,
1133 1726 1176 1784 sic
1206 1724 1272 1782 fere
1301 1723 1353 1782 de·

210 1828 330 1888 scribit:
354 1826 431 1887 Cum
460 1828 621 1906 pedestres
644 1826 881 1886 Atheniensium
903 1827 1016 1885 milites
1045 1827 1152 1884 castris
1176 1825 1290 1885 relictis
1313 1824 1353 1884 ad

210 1949 294 1989 marc
323 1930 544 1988 confluxissent
566 1928 729 2006 spectandi
757 1927 889 1986 libidine
913 1928 1010 2001 ducti,
1041 1927 1229 2007 Syracusani
1251 1925 1353 1986 subito

211 2030 339 2090 castella
360 2029 514 2090 inuadunt
536 2047 637 2108 neque
659 2028 722 2086 ullo
743 2027 849 2087 labore
872 2049 924 2088 eos
947 2029 999 2106 qui
1022 2027 1231 2099 accurrebant,
1256 2027 1353 2107 repel-

212 2132 289 2190 lunt.
327 2131 419 2190 Unde
441 2130 495 2189 ubi
517 2151 646 2208 magnus
669 2130 783 2188 clamor
810 2137 932 2188 exortus
962 2137 1008 2187 est
1031 2137 1124 2207 atque
1147 2128 1307 2202 tumultus,
1332 2129 1355 2187 ii

212 2231 446 2294 Athenienses.
470 2231 523 2309 qui
556 2232 592 2289 in
622 2230 753 2290 navibus
787 2239 889 2303 erant,
926 2231 964 2289 de
996 2231 1125 2289 victoria
1153 2230 1354 2308 desperantes

213 2334 252 2392 ad
281 2342 408 2405 terram,
468 2333 649 2412 yracusanis
677 2331 954 2410 persequentibus,
990 2331 1149 2411 appellere
1176 2331 1353 2392 studebant.

213 2435 275 2494 Sed
303 2454 370 2492 cum
399 2454 481 2493 oram
510 2432 547 2494 ab
577 2434 717 2492 hostibus
746 2442 923 2511 occupatam
951 2433 1159 2505 invenissent,
1190 2433 1300 2492 iterum
1322 2433 1354 2491 in

213 2537 475 2616 Syracusanorum
490 2556 585 2595 naves
600 2555 668 2595 sese
684 2543 916 2608 converterunt,
942 2554 1017 2613 quas
1034 2535 1116 2593 omni
1131 2534 1240 2594 ordine
1256 2534 1354 2594 soluto

212 2647 433 2717 persequentes
457 2638 548 2697 facile
570 2638 709 2714 singulas
732 2644 925 2715 superarunt,

216 2757 218 2760 ·
298 2738 497 2817 Quantopere
526 2747 629 2798 autom
656 2737 693 2796 ab
727 2737 775 2795 his
804 2737 920 2796 distant
942 2756 992 2808 ea,
1023 2755 1102 2814 quae
1134 2737 1155 2795 l.
1178 2736 1241 2796 VII
1264 2758 1290 2795 c.
1315 2738 1354 2796 23

212 2841 414 2919 Thucydides
437 2841 547 2900 refert!
576 2839 607 2898 Is
631 2840 712 2898 enim
735 2857 836 2916 neque
867 2836 1105 2896 Atheniensium
1124 2857 1218 2897 naves
1240 2838 1281 2897 ad
1296 2846 1353 2897 ter-

212 2963 276 3000 ram
306 2941 462 3020 appellere
488 2940 623 2999 voluisse
649 2959 751 3018 neque
778 2939 988 3019 Syracusanos
1016 2937 1225 3000 Athenienses
1253 2960 1354 3019 perse-

214 3052 298 3103 cutos
320 3062 386 3102 esse
410 3042 497 3115 dicit,
527 3042 581 3101 sed
605 3061 671 3101 earn
691 3039 929 3100 Atheniensium
949 3041 1096 3100 victoriae
1118 3042 1212 3101 fuisse
1233 3061 1355 3101 cansam

159 3211 163 3218 ,
213 3145 334 3217 statuit,
358 3143 441 3222 quod
471 3142 657 3223 Syracusani
686 3144 718 3200 in
747 3151 867 3221 portum
895 3142 1077 3201 invehentes
1108 3142 1226 3201 nullum
1252 3163 1355 3202 serva-

214 3248 316 3321 verint
339 3246 488 3305 ordinem.

298 3347 336 3404 In
358 3348 458 3424 capite
482 3346 598 3406 decimo
622 3347 884 3425 Syracusanorum
914 3345 1038 3403 navium
1060 3365 1142 3403 nova
1163 3345 1281 3404 ratione
1304 3366 1354 3404 ex·

128 3507 130 3511 ,
215 3448 420 3507 ornandarum
433 3447 588 3506 Diodorus
605 3447 678 3506 dicit
689 3445 866 3504 Aristonem
879 3445 1072 3504 Corinthium
1083 3453 1237 3505 auctorem
1249 3447 1353 3519 fuisse,

213 3570 303 3628 quem
319 3548 519 3628 Thucydides
542 3548 634 3607 aliam
657 3547 774 3605 obrem
796 3548 829 3605 in
850 3547 972 3624 septimi
986 3545 1058 3605 libri
1080 3547 1181 3624 capite
1197 3548 1354 3625 trigesimo

214 3652 310 3729 primo
333 3651 548 3728 peritissimum
571 3649 696 3708 navium
718 3656 866 3708 rectorem
889 3648 1036 3706 nominat.

298 3753 335 3810 In
359 3750 520 3811 undecimo
544 3752 643 3828 capite
663 3750 746 3809 solus
770 3749 925 3808 Diodorus
952 3749 1094 3828 Epipolis
1117 3752 1269 3829 oppressis
1294 3751 1354 3810 duo

1 3843 42 3934 ³·
125 3868 128 3872 ’
214 3854 297 3913 milia
319 3855 505 3931 quingentos
530 3852 736 3912 Athenienses
759 3852 938 3910 interfectos
963 3870 1029 3910 esse
1051 3862 1276 3912 commemorat.

300 3954 409 4032 Capite
438 3953 551 4013 deinde
576 3955 614 4012 13
643 3973 778 4031 pugnam
805 3952 946 4012 navalem
974 3954 1054 4011 inter
1083 3953 1294 4032 Syracusanos
1325 3967 1356 4016 et

214 4055 423 4115 Athenienses
446 4055 634 4114 commissam
647 4054 803 4114 Diodorus
825 4055 868 4113 ita
892 4052 1044 4126 describit,
1069 4062 1102 4112 ut
1124 4056 1353 4136 aThucydide,

214 4159 267 4237 qui
289 4157 347 4216 hac
378 4156 416 4215 de
439 4177 471 4216 re
499 4155 570 4214 libri
597 4157 719 4235 septimi
746 4157 847 4234 capite
875 4157 1127 4235 quinquagesimo
1143 4157 1252 4218 altero
1282 4161 1353 4238 egit,

213 4259 305 4319 valde
332 4260 409 4336 haec
437 4257 601 4316 abhorrere
632 4279 712 4317 unus
745 4259 875 4337 quisque
908 4257 1022 4316 videat.
1065 4258 1162 4332 Nam,
1197 4267 1231 4318 ut
1260 4281 1356 4320 unum

215 4361 354 4436 afferam,
368 4359 519 4439 quomodo
535 4367 665 4438 utraque
681 4359 785 4420 classis
801 4359 949 4436 disposita
971 4361 1018 4431 sit,
1036 4361 1161 4420 nonnisi
1183 4363 1265 4442 apud
1281 4363 1355 4421 Dio-

216 4463 324 4524 dorum
350 4451 473 4543 legitur.
510 4461 677 4522 Praeterea
711 4470 813 4522 autem
846 4461 977 4520 triduo
1006 4471 1076 4541 post
1102 4463 1187 4524 illam
1213 4466 1354 4525 navalem
