3252 5108
774 320 986 384 „72-

351 490 370 567 ἡ
383 492 419 554 δὲ
433 495 498 555 τῶν
514 490 721 568 Ἱιτττακμιτιῖιν
737 491 788 553 καὶ
802 494 866 554 τῶν
937 488 1170 554 ὅτιδύοπόλειε
1186 488 1337 569 οὐδεμίαν
1346 489 1450 569 ἀφομ-

311 591 468 656 Ἰτυκαίων
484 592 577 656 πόλι(
585 592 701 671 ἔμενον
715 591 866 668 οὐδεμίαν
893 592 953 669 μὴν
970 589 1060 669 εἶχον
1083 592 1165 668 πρὸ(
1187 590 1328 655 διάλυειν
1346 591 1451 655 διὰτὸ

309 691 460 773 ἀφορμὴν
478 693 607 771 ἔχονται
628 694 710 770 πρόε
726 692 866 757 διάλυτιν
893 693 934 770 μὴ
957 693 1219 758 καταλελοιπέναι
1242 693 1343 772 εφιεὶν
1369 691 1451 774 ἐλέῳ

310 793 362 857 διὰ
385 795 423 859 τὸ
450 795 490 873 μή
518 814 602 875 εφιει
627 793 865 858 καταλείπεεθαι
893 793 971 872 μηδὲ
987 793 1155 876 ευγγνώμῃ
1170 793 1273 857 τόπον
1285 794 1356 857 τινὰ
1372 794 1452 857 κατὰ

312 895 416 960 τόπον
444 895 556 960 ἐλέου(
582 897 661 975 μηδὲ
689 895 875 974 εογγνώμητ
894 894 951 958 τάε
966 894 1095 971 πρώτα(
1111 893 1276 974 ἐπιβολάε·
1293 893 1381 958 οὕτω
1396 913 1449 957 κα-

310 996 389 1060 κατὰ
403 996 764 1076 τότπμώταιέπιβολόε.
781 995 867 1060 οὔτω
895 995 934 1059 τὰ
959 996 1015 1059 τὰ(
1040 993 1192 1073 ἁμαρτία(
1218 994 1359 1074 μεγάλην
1385 994 1450 1073 ἔχει

310 1099 388 1161 κατὰ
404 1099 459 1162 τὰ(
476 1097 627 1177 ἁμαρτία(
643 1099 784 1178 μεγάλην
801 1097 867 1176 ἔχει
895 1097 1057 1177 διαφορὰν
1086 1095 1105 1176 ἡ
1135 1096 1299 1176 μετριότηε
1335 1098 1386 1160 καὶ
1414 1097 1451 1160 τὸ
1516 1091 1525 1100 ’
1598 1081 1599 1088 ¹

311 1199 473 1279 διαφορὰν
489 1199 509 1277 ἡ
525 1200 687 1278 μετριότης
701 1199 797 1264 καὶτὸ
812 1220 867 1279 μη·
894 1198 992 1278 μηδὲν
1028 1197 1109 1275 ὑπὲρ
1144 1197 1318 1275 ἄνθρωπον
1348 1197 1451 1274 ἐπιτη-

235 1301 241 1320 ’
311 1301 366 1364 δὲν
379 1298 554 1380 ἀνήκεετον
566 1297 764 1379 ἐπιτηδεύειν
778 1301 868 1364 ἑκου-
898 1299 1013 1364 δεύειν.

264 1446 273 1462 ,
311 1401 393 1465 citur.

394 1506 436 1565 Vt
463 1506 558 1584 igitur
590 1508 648 1566 hoe
680 1507 747 1566 loco
784 1509 828 1567 ita
860 1507 893 1566 in
926 1506 1139 1585 componendo
1171 1506 1343 1584 fragmento
1369 1505 1454 1563 XIII

310 1605 457 1687 (excerpt.
497 1607 663 1668 Hoeschel.
686 1629 717 1688 p.
742 1609 819 1682 511,
845 1606 919 1684 512)
951 1627 1087 1686 quoque,
1120 1627 1181 1686 quo
1214 1623 1338 1686 pugnae
1371 1627 1454 1666 anno

310 1730 338 1767 a.
363 1707 397 1768 O.
426 1729 457 1766 n.
485 1709 545 1766 225
575 1730 593 1768 a
620 1711 767 1769 Romanis
796 1731 864 1768 cum
894 1708 993 1769 Gallis
1024 1710 1200 1769 commissae
1229 1707 1452 1782 describuntur,

309 1810 467 1869 Diodorus
486 1820 609 1870 secutus
633 1820 679 1870 est
694 1811 872 1891 Polybium,
897 1830 1081 1890 quamquam
1097 1831 1173 1870 sane
1194 1810 1298 1888 aliqua
1314 1819 1454 1888 exparte

311 1910 348 1969 ab
372 1932 408 1970 eo
432 1911 555 1972 differre
576 1913 709 1972 videtur.
739 1912 888 1990 Polybius
900 1907 937 1989 56)
966 1913 1049 1972 onim
1077 1911 1155 1971 duas
1182 1930 1302 1990 pugnas
1326 1930 1453 1969 comme-

313 2020 426 2085 morat,
452 2032 581 2091 quarum
604 2014 701 2073 altera
724 2013 822 2086 Galli,
852 2014 949 2074 altera
970 2014 1103 2072 Romani
1131 2013 1305 2091 superiores
1329 2013 1452 2084 fuerint,

310 2114 467 2174 Diodorus
482 2135 556 2174 vero
572 2115 632 2174 tria
647 2115 764 2194 proelia
780 2116 938 2174 commissa
961 2134 1027 2174 esse
1044 2114 1129 2188 dicit,
1153 2115 1201 2172 bis
1223 2114 1377 2172 Romanos
1401 2111 1453 2172 ad-

311 2198 400 2275 versa
423 2216 548 2274 fortuna
569 2236 642 2276 usos
665 2236 732 2275 esse
755 2224 786 2276 et
807 2217 903 2276 altero
927 2216 1043 2294 proelio
1072 2216 1122 2275 vel
1144 2215 1302 2275 consulem
1324 2215 1454 2274 alterum

312 2317 462 2388 amisisse,
498 2319 588 2375 tertio
625 2317 779 2401 denique*
797 2318 913 2396 proelio
948 2318 1103 2376 Romanos
1136 2318 1266 2376 victores
1306 2315 1452 2375 extitisse.

313 2416 403 2493 Quae
427 2416 599 2476 differentia
621 2418 665 2476 ita
681 2418 823 2476 facillime
840 2418 986 2496 explicari
1008 2437 1098 2496 posse
1121 2419 1258 2490 videtur,
1283 2427 1318 2477 ut
1338 2425 1452 2476 statua-

311 2539 394 2590 ιιιαε,
418 2517 589 2577 Βὶοόοταιιι
611 2518 681 2577 ideo
704 2527 751 2578 ter
783 2529 954 2598 pugnatum
988 2539 1055 2578 esse
1087 2521 1249 2591 narrasse‚'
1284 2519 1357 2596 quia
1380 2517 1453 2578 Gal-

202 2631 206 2637 ’
310 2619 409 2676 lorum
431 2620 528 2678 aciem
550 2619 695 2698 utrinque
711 2640 729 2678 a
744 2620 951 2679 Romanorum
967 2620 1145 2679 oonsulibus
1161 2622 1371 2699 impugnatam
1386 2638 1453 2678 esse

310 2717 460 2798 Polybius
485 2720 603 2778 dixerit.
641 2720 735 2780 Haud
761 2722 843 2780 enim
868 2722 962 2780 semel
977 2721 1135 2780 Diodorus
1158 2723 1191 2780 in
1211 2730 1343 2798 utroque
1369 2739 1451 2778 exer-

311 2821 425 2879 cituum
445 2841 541 2879 cornu
569 2830 741 2900 pugnatum
769 2842 836 2880 esse
859 2823 1027 2900 respiciens
1057 2822 1118 2881 duo
1144 2822 1261 2900 proelia
1282 2823 1364 2881 facta
1386 2840 1454 2880 esse

312 2930 430 2994 narrat,
462 2941 647 3000 quamquam
675 2923 802 2981 aliunde
830 2944 926 2981 unum
954 2924 1050 2983 fuisse
1078 2924 1200 2982 scimus.
1231 2923 1329 2982 Multo
1351 2931 1454 2981 autern

312 3023 423 3081 rectius
459 3023 518 3081 hoc
549 3022 616 3080 loco
651 3021 697 3080 bis
732 3045 750 3080 a
778 3023 926 3082 Romanis
960 3033 1131 3103 pugnatum
1161 3044 1227 3084 esee
1264 3024 1350 3096 dicit,
1380 3024 1454 3102 quia

311 3144 386 3183 sane
419 3133 550 3202 uterque
585 3132 649 3182 erat
684 3123 852 3182 consularis
888 3126 1048 3186 exercitus.
1094 3125 1198 3204 Atque
1231 3145 1299 3183 oum
1327 3125 1452 3184 alterius
1480 3169 1482 3174 .

312 3226 463 3285 exercitus
479 3225 586 3283 consul
609 3225 784 3297 occidisset,
807 3225 946 3285 hocloco
963 3227 1040 3286 male
1056 3248 1119 3285 rem
1134 3247 1153 3285 a
1167 3227 1314 3285 Romanis
1337 3235 1454 3304 gestam

312 3346 378 3385 esse
406 3327 519 3403 optimo
543 3326 609 3383 iure
632 3346 758 3385 narrare
780 3334 910 3404 poterat.

396 3462 517 3520 Revera
539 3468 642 3518 autem
664 3460 742 3518 illud
758 3461 964 3539 fragmentum
986 3462 1026 3521 ad
1040 3462 1206 3542 Polybium
1229 3483 1294 3536 esse
1317 3465 1452 3522 referen-

313 3565 385 3622 dum
407 3564 480 3621 inde
503 3562 669 3621 certissime
691 3562 898 3633 concluditur,
933 3563 1016 3640 quod
1031 3562 1188 3622 Diodorus
1210 3563 1357 3622 Romanis
1379 3573 1454 3621 tunc

312 3666 407 3723 fuisse
429 3665 627 3741 septingenta
649 3663 744 3721 millia
766 3664 904 3740 peditum
927 3673 958 3722 et
979 3665 1176 3743 septuaginta
1198 3665 1293 3722 millia
1316 3666 1454 3742 equitum

313 3767 396 3838 dicit,
420 3767 474 3842 qui
485 3766 605 3824 numeri
620 3765 773 3842 quomodo
790 3766 851 3822 sint
867 3765 1053 3843 explicandi,
1071 3785 1159 3824 nemo
1176 3775 1258 3824 certe
1280 3765 1451 3843 intelleget,

312 3869 373 3925 nisi
400 3866 524 3945 Polybii
551 3867 702 3925 rationem
727 3865 880 3925 habuerit.
921 3866 952 3924 Is
982 3867 1064 3925 enim
1094 3867 1343 3944 diligentissimo,
1378 3877 1454 3944 quot

312 3967 423 4027 milites
446 3966 499 4025 illo
522 3977 659 4044 tempore
674 3966 771 4025 Roma
787 3987 962 4045 comparare
978 3969 1125 4046 potuerit,
1144 3987 1301 4045 exponens
1322 3967 1453 4044 singulis

313 4069 462 4128 exercitus
484 4065 622 4146 partibus
639 4068 824 4126 enumeratis
846 4067 894 4125 his
909 4067 1011 4127 verbis
1035 4069 1169 4127 omnium
1184 4067 1300 4126 Romae
1322 4067 1454 4126 militum

313 4189 459 4228 summam
482 4169 638 4246 exprimit:
661 4166 699 4228 τό
723 4165 758 4228 δὲ
782 4165 904 4242 τόμπαν
927 4169 1050 4243 πλῆθοε
1070 4171 1136 4231 τῶν
1160 4164 1350 4243 δυναμένων
1367 4165 1453 4229 ὅπλα

810 4299 820 4328 Ι

313 4337 514 4346 .-—--—.-—--

381 4453 424 4518 56)
442 4453 536 4518 Polyb.
556 4454 572 4502 lt
593 4454 620 4503 II
638 4469 695 4518 cap.
713 4457 822 4503 23-31,
