3252 5108
769 337 954 400 -8-

292 523 465 592 nequeunt,
498 511 596 591 quod,
629 533 696 571 enm
719 514 744 571 is
768 511 969 570 Plataeenses
992 511 1132 588 neglecto
1160 518 1250 588 pacto
1273 511 1434 571 Thebanis

292 615 366 686 illis,
393 616 445 692 qui
460 615 543 693 capti
567 622 668 687 erant,
700 634 808 673 manus
837 613 977 672 intulisse
1004 613 1076 670 libri
1098 613 1132 670 II
1154 613 1254 691 capite
1278 615 1296 672 6
1319 624 1433 689 narret,

292 716 416 776 Thebas
441 737 492 776 eos
516 717 656 775 remissos
685 735 752 775 esse
767 715 923 774 Diodorus
938 714 1042 774 tradit.
1073 713 1165 790 Quod
1181 733 1364 792 quamquam
1379 735 1437 794 per

243 879 247 889 ,
292 837 325 877 se
349 818 475 898 quidem
497 838 606 897 parum
627 818 792 878 verisimile
816 825 870 890 est,
894 818 938 876 ita
959 824 993 875 ut
1014 817 1115 894 ipsum
1126 817 1298 876 Diodorum
1320 817 1378 876 hac
1401 819 1434 875 in

292 938 326 977 rc
350 939 466 980 errasse
490 919 585 978 facile
613 920 766 998 quispiam
787 926 890 998 putet,
919 898 1023 976 tamin
1052 937 1090 976 ex
1119 917 1157 976 iis
1187 936 1324 996 quoque,
1354 937 1434 997 quae

292 1023 429 1099 proxime
452 1030 637 1100 sequuntur,
662 1020 821 1099 Ephorum
841 1019 900 1078 hoc
922 1019 988 1077 loco
1012 1018 1182 1078 adhibitum
1205 1039 1273 1078 esse
1295 1028 1435 1098 apparet.

291 1124 486 1183 Enumerare
511 1124 592 1182 enim
606 1123 921 1182 Lacedaemoniorum
944 1129 974 1178 et
988 1118 1226 1180 Atheniensium
1246 1121 1344 1180 socios
1359 1121 1434 1179 Dio-

294 1225 384 1284 dorus
413 1243 596 1303 quamquam
624 1223 773 1284 similibus
802 1222 903 1283 verbis
931 1221 1027 1280 utitur
1054 1229 1145 1298 atque
1173 1221 1374 1301 Thucydides
1401 1223 1435 1280 in

292 1326 364 1384 libri
385 1326 419 1383 II
442 1327 593 1404 capitati,
619 1335 721 1385 tamen
744 1326 777 1383 in
800 1345 836 1384 eo
852 1323 1011 1395 abhorret,
1037 1323 1119 1400 quod
1141 1323 1222 1382 solus
1238 1322 1436 1402 Amphissae·

294 1449 379 1488 orum
403 1437 432 1488 et
458 1428 709 1508 Potidaestarum
743 1436 834 1505 atque
865 1425 1114 1486 Chalcidensium
1142 1426 1329 1484 mentionem
1350 1427 1435 1487 facit.

293 1531 341 1590 Ea
362 1530 491 1603 deinde,
529 1531 661 1607 quaein
684 1529 792 1588 eodem
825 1528 924 1606 capite
954 1527 991 1586 de
1020 1527 1117 1605 primo
1139 1525 1213 1586 belli
1235 1527 1433 1607 Peloponne-

293 1632 367 1690 siaci
391 1651 473 1690 anno
496 1615 674 1704 narrantur,
699 1650 766 1688 cum
787 1629 973 1708 Thucydide
996 1649 1120 1708 prorsus
1143 1640 1326 1707 congruunt.

377 1765 444 1825 lam
465 1785 538 1824 vero
562 1767 661 1842 capite
684 1765 737 1836 43,
768 1763 878 1842 quihus
905 1763 980 1821 locis
1003 1763 1211 1824 Athenienses
1238 1765 1434 1844 Peloponne-

292 1888 358 1926 sum
380 1867 535 1939 vexarint,
562 1865 742 1925 describens‘
761 1865 880 1924 Siculus
904 1866 936 1923 iu
959 1865 1084 1942 reliquis
1107 1867 1231 1945 quidem
1252 1867 1343 1926 rebus
1365 1889 1434 1928 cum

292 1968 477 2048 Thucydide
501 1968 671 2046 conspirat,
696 1968 729 2024 in
753 1987 787 2025 eo
804 1976 907 2026 autem
923 1965 1038 2037 differt,
1063 1967 1147 2044 quod
1168 1967 1244 2026 haec
1264 1968 1358 2028 verba
1382 1991 1432 2029 ox-

293 2069 390 2130 hibet:
425 2066 477 2130 καὶ
502 2064 633 2144 μάλιετα
659 2069 714 2140 τὴ(
736 2064 993 2142 παραθαλαττίου
1019 2065 1078 2142 τὴν
1099 2066 1301 2144 καλουμένην
1322 2067 1433 2145 Ἀκτὴν

292 2169 389 2251 ἐδῄου
405 2167 456 2230 καὶ
471 2167 527 2230 τὰ(
543 2163 691 2230 ἐπαύλει(
706 2165 887 2248 ἐνεπύριῑε,
910 2188 989 2247 quae
1005 2170 1038 2227 in
1053 2169 1247 2249 Thucydidis
1262 2171 1283 2228 l.
1299 2171 1333 2229 ΙΙ
1348 2193 1374 2232 c.
1392 2174 1432 2230 25

293 2293 357 2331 non
381 2279 496 2331 extant.

378 2389 482 2468 Atque
504 2389 563 2447 hoc
586 2408 653 2446 oum
680 2389 779 2467 capite
803 2390 970 2448 arctissime
999 2390 1166 2468 insequens
1189 2390 1345 2464 cohaeret,
1369 2410 1431 2471 quo

292 2511 372 2570 quae
396 2491 433 2550 de
449 2490 686 2549 Atheniensium
707 2491 740 2547 in
755 2490 934 2563 Locrorum,
951 2473 1187 2567 Aeginetarnm,
1205 2491 1433 2570 Megarensium

293 2613 381 2672 agros
404 2590 628 2651 incursionibus
644 2599 810 2650 narrantur
832 2592 950 2650 etiamsi
965 2611 1087 2669 prorsus
1104 2601 1277 2671 congruunt
1300 2615 1368 2654 cum
1383 2597 1429 2669 iis,

293 2715 373 2773 quae
409 2694 507 2753 Thuc.
530 2693 551 2750 l.
578 2693 612 2750 ll
634 2691 785 2771 capitibus
813 2693 861 2765 26,
880 2693 928 2764 il,
946 2694 985 2751 32
1013 2703 1299 2768 commemorantur,
1327 2705 1430 2757 tamen

293 2817 328 2854 eo
350 2797 450 2853 minus
466 2794 506 2853 ad
522 2795 621 2871 ipsum
636 2793 851 2873 Thucydidem
866 2795 975 2852 referri
991 2803 1127 2873 possunt,
1143 2797 1224 2874 qnia,
1243 2797 1318 2875 quid
1333 2799 1431 2858 altero

291 2897 366 2955 belli
389 2916 471 2954 anno
495 2896 611 2954 sactum
633 2896 686 2967 sit,
711 2895 862 2972 capitibus
878 2895 918 2953 45
942 2905 973 2955 et
993 2896 1033 2955 46
1056 2897 1099 2955 ita
1122 2898 1249 2975 exponit
1263 2898 1429 2973 Diodorus,

291 3007 325 3057 ut
346 3015 537 3075 summopere
570 3015 588 3053 a
620 2995 806 3074 Thucydide
836 2997 969 3055 recedat.
1006 2997 1085 3055 Nam
1117 2999 1246 3077 primum
1273 3000 1429 3061 Lacedae·

291 3101 409 3158 monios
424 3099 558 3157 Atticam
581 3098 691 3154 iterum
717 3105 873 3156 vastantes
900 3099 966 3156 sola
987 3098 1159 3177 Tetrapoli,
1189 3118 1267 3177 quae
1293 3111 1428 3176 vocatur,

291 3201 487 3272 abstinuisse,
524 3198 637 3274 deiude
666 3198 779 3256 Pericli
811 3200 1020 3276 magistratum
1053 3199 1232 3279 abrogatum
1267 3203 1430 3282 ipsumque

292 3303 447 3380 octoginta
461 3300 585 3359 talentis
601 3301 742 3378 punitum
757 3318 837 3371 esse,
863 3300 997 3378 denique
1011 3303 1043 3358 iu
1060 3301 1308 3369 Potidaeatarum
1323 3305 1431 3364 urbem

291 3404 398 3462 mille
421 3402 546 3461 colonos
570 3419 635 3459 esse
659 3400 821 3474 deductos,
852 3402 934 3460 solus
956 3401 1111 3461 Diodorus
1134 3413 1248 3464 narrat.

378 3537 486 3616 Capite
503 3537 616 3596 deinde
640 3537 679 3596 47
706 3535 825 3596 Siculus
852 3537 1092 3615 Xenophontem
1121 3546 1152 3596 et
1179 3539 1431 3599 Phanomachum

291 3641 329 3700 ab
351 3637 595 3698 Atheniensibus
618 3639 650 3696 in
662 3637 825 3697 Thraciam
847 3639 953 3697 missos
977 3658 1043 3698 esse
1073 3639 1159 3712 dicit,
1190 3659 1319 3718 quorum
1341 3642 1428 3716 alter,

290 3740 538 3812 Phanomachus,
562 3739 583 3797 l.
599 3740 632 3797 ΙΙ
655 3761 680 3799 c.
705 3741 743 3798 79
766 3740 864 3800 Thuc.
888 3761 951 3799 non
974 3741 1158 3803 nominatur.

375 3859 442 3918 Iam
468 3878 541 3917 vero
570 3858 670 3935 capita
692 3857 732 3915 48
756 3867 787 3916 et
809 3859 848 3916 49
876 3860 941 3917 sola
966 3859 992 3918 si
1019 3861 1087 3938 quis
1109 3861 1292 3939 respexerit,
1321 3863 1430 3940 ntique

291 3960 461 4021 Diodorum
475 3959 669 4040 Thucydidis
681 3960 811 4038 vestigia
822 3961 969 4039 pressisse
980 3961 1111 4039 putabit.
1137 3963 1198 4021 Res
1210 3962 1291 4021 enim
1303 3985 1321 4020 a
1332 3963 1429 4021 Phor·

291 4066 391 4122 mione
414 4063 494 4120 circa
513 4061 626 4120 Rhium
648 4063 889 4138 promuntorium
904 4071 1008 4140 gestae
1024 4071 1054 4122 et
1069 4062 1382 4124 Lacedaemoniorum
1396 4067 1429 4124 in

291 4164 447 4225 Salamina
462 4162 593 4223 insulam
608 4163 740 4222 incursio
756 4163 813 4222 hoc
833 4163 900 4222 loco
916 4166 959 4223 ita
971 4164 1191 4238 describuntur,
1208 4174 1242 4223 nt
1261 4166 1429 4227 Diodorus

290 4267 408 4325 nullum
424 4265 567 4324 exhibeat
594 4264 733 4338 verbnm,
763 4265 846 4343 quod
868 4286 930 4323 nou
953 4287 1020 4325 eum
1035 4267 1072 4324 iis
1100 4279 1264 4345 congruat,
1289 4287 1368 4346 quae
1396 4271 1429 4327 in

289 4369 309 4428 l.
333 4368 367 4426 Il
389 4388 477 4447 capp.
494 4369 543 4440 83,
561 4367 609 4439 84,
627 4367 676 4440 85,
694 4368 742 4439 91,
765 4368 804 4425 92
827 4367 925 4426 Thac,
948 4375 1063 4426 extant.
1091 4368 1164 4427 Alia
1179 4369 1256 4428 ratio
1279 4379 1324 4428 est
1347 4373 1429 4450 capi·

289 4482 352 4530 tum
374 4472 415 4530 50
442 4479 473 4530 et
501 4470 554 4543 51,
585 4469 694 4547 quibus
724 4469 761 4528 de
791 4467 904 4528 Sitalce
931 4467 1120 4550 Odrysorum
1148 4490 1220 4548 rege
1250 4472 1364 4549 agitur;
1394 4481 1430 4530 ut
