3252 5108
662 315 873 379 -27-

135 538 137 552 .
284 489 349 548 Hos
362 499 464 548 autem
476 509 619 548 numeros
631 491 674 548 ita
685 489 813 548 mutavit
825 481 1084 568 Mommsenius7),
1098 498 1132 548 ut
1140 512 1194 570 pro
1206 491 1339 564 30-31,

201 611 255 669 pro
280 591 418 662 38-39,
454 610 509 668 pro
532 591 656 649 50-51
680 588 835 648 scriberet.
877 590 981 668 Atque
1004 593 1045 649 30
1073 592 1105 649 in
1129 593 1166 650 31
1192 603 1222 652 et
1245 593 1284 651 38
1308 593 1341 650 in

202 694 240 750 39
265 693 330 750 iure
359 693 516 750 immutare
544 691 603 750 sibi
625 693 707 750 visus
736 699 782 750 est
805 691 875 750 ideo
898 691 981 770 quod
1011 699 1040 750 et
1063 693 1232 773 Dionysius
1254 693 1341 751 Hali-

201 793 408 851 carnassensis
438 801 467 852 et
495 792 605 870 reliqui
632 792 760 851 Eusebii
781 793 899 851 indices
927 793 983 851 hos
1011 814 1154 852 numeros
1185 793 1341 853 exhibent.

201 893 368 952 Eusebium
397 914 470 952 vero
499 914 603 952 omnes
632 913 702 952 suos
727 893 845 951 indices
877 914 914 952 ex
935 895 1001 972 ipso
1024 895 1193 956 Diodoro
1216 896 1342 973 petiisse

202 989 350 1072 cenred).
380 994 423 1052 At
445 996 471 1053 si
494 995 526 1053 id
548 996 591 1053 ita
614 1003 672 1066 est,
697 1013 756 1072 quo
781 995 845 1053 iure
874 995 1091 1054 Mommsenius
1120 1017 1280 1055 numerum
1302 997 1340 1053 51

202 1117 240 1156 ex
261 1096 413 1173 Dionysio
447 1095 620 1173 depromsit,
651 1114 835 1174 quamquam
862 1097 894 1153 in
923 1095 1007 1154 nullo
1036 1096 1212 1156 Eusebiano
1241 1097 1343 1155 iudice

202 1197 251 1254 hio
273 1217 415 1256 numerus
439 1197 543 1255 extat?

286 1297 349 1356 sed
372 1298 490 1357 etiamsi
514 1318 583 1357 eum
605 1297 754 1370 indicem,
784 1318 822 1356 ex
852 1318 912 1376 quo
934 1297 1087 1356 Eusebius
1109 1318 1179 1357 suos
1202 1319 1344 1358 numeros

202 1398 360 1471 desumsit,
396 1420 470 1458 sane
486 1400 711 1458 illosnumeros
728 1401 783 1472 31,
813 1401 867 1471 39,
886 1400 923 1456 51
943 1398 1118 1458 exhibuisse
1135 1421 1202 1458 eum
1218 1401 1342 1458 Momm-

202 1502 288 1559 senio
305 1502 480 1574 statuimus,
505 1501 629 1559 minime
646 1502 670 1559 is
687 1501 782 1558 index
797 1500 971 1559 Diodoreus
993 1501 1096 1559 vocari
1118 1510 1232 1578 potest,
1263 1503 1345 1578 quod

203 1622 263 1680 quo
286 1603 352 1661 iure
376 1603 490 1674 dioam,
516 1611 550 1660 ut
572 1610 730 1681 appareat,
756 1623 825 1660 eum
847 1601 994 1674 indicem,
1017 1620 1107 1679 quem
1129 1603 1346 1661 Mommsonius

203 1703 333 1762 Diodori
355 1704 451 1762 fuisse
474 1705 631 1782 opinatur,
657 1723 820 1782 apponam.

353 1823 477 1882 Aeneas
617 1843 647 1899 p.
670 1822 695 1880 I.
713 1810 738 1880 o.
881 1822 957 1879 vixit
980 1823 997 1879 6
1021 1841 1119 1879 annos

353 1923 506 1981 Ascanius
592 1922 747 1998 regnavit:
952 1923 991 1979 38
1057 1967 1075 1993 „

356 2023 470 2082 Silvius
665 2066 683 2093 „
953 2023 991 2078 29
1058 2066 1076 2092 „

313 2121 323 2144 ²
355 2123 479 2182 Aeneas
503 2122 577 2181 Silv.
666 2167 683 2193 „
777 2199 778 2206 ἵ
952 2123 990 2182 31
1058 2167 1075 2194 ,,

354 2224 436 2283 Alba
665 2267 683 2294 „
953 2224 991 2280 39
1057 2269 1074 2295 ,,

354 2325 456 2383 Latin.
481 2324 556 2382 silv.
664 2367 681 2393 „
951 2326 989 2382 51
1057 2369 1074 2396 „

353 2425 465 2503 Epitus
661 2469 679 2495 „
950 2427 989 2482 26
1055 2470 1073 2496 „

354 2525 456 2605 Capys
613 2542 614 2546 ’
662 2569 679 2595 „
951 2527 990 2583 28
1056 2569 1074 2595 „

350 2626 500 2705 'Calpetus
659 2670 678 2697 „
951 2627 988 2682 13
1055 2669 1071 2695 „

352 2727 493 2786 Tiberin.
519 2727 594 2785 Silv.
661 2771 679 2797 „
971 2727 989 2782 8
1056 2771 1073 2795 „

352 2829 504 2906 Agrippas
663 2871 681 2898 „
950 2827 989 2884 41
1056 2872 1074 2898 „

352 2929 489 2987 Aremul.
514 2929 588 2987 Silv.
661 2973 677 2998 „
951 2929 987 3002 19
1064 2974 1070 3000 ,

351 3030 527 3089 Aventinus
661 3073 679 3100 „
948 3031 987 3086 37
1054 3075 1071 3100 „

351 3133 464 3190 Procas
488 3131 562 3190 silv.
661 3175 679 3201 „
948 3131 987 3186 23
1054 3174 1071 3200 „

350 3233 490 3290 Amulius
663 3277 681 3304 „
910 3225 1073 3320 La

283 3419 401 3476 Horum
423 3438 618 3476 numerorum
644 3439 760 3476 sunrma
783 3427 829 3476 est
843 3419 915 3476 431.
947 3417 977 3476 Is
1000 3437 1073 3476 vero
1100 3437 1243 3476 uumerus
1267 3436 1339 3495 quo-

199 3520 288 3578 modo
318 3519 464 3597 explicari
488 3527 602 3597 potest,
633 3521 660 3578 si
684 3521 723 3578 ad
746 3519 877 3577 Diodori
905 3519 1102 3596 computandi
1130 3519 1279 3576 rationem
1295 3539 1339 3576 re·
1364 3517 1365 3520 ’

200 3622 319 3680 fertur?

283 3722 437 3781 Diodorus
472 3703 553 3781 enim
582 3743 649 3781 oum
678 3724 773 3782 altero
803 3723 951 3800 septimae
979 3720 1162 3800 olympiadis
1195 3723 1243 3780 vel
1279 3723 1339 3780 433

200 3833 268 3902 post
290 3825 381 3882 ilium
409 3835 530 3904 captum
559 3845 641 3883 anno
663 3826 790 3883 Romam
814 3823 968 3883 conditam
996 3844 1062 3882 esse
1086 3831 1252 3896 statueret,
1289 3823 1339 3882 de-

197 3993 398 4002 Ἥ

268 4095 293 4158 7)
313 4091 434 4143 chronol.
453 4108 553 4143 roman.
572 4108 633 4157 pag.
654 4096 709 4144 159.

264 4178 290 4243 8)
309 4178 402 4227 ohron.
435 4193 499 4226 rom.
530 4193 555 4242 p.
584 4179 632 4228 159
666 4178 726 4227 adn.
753 4180 819 4227 312:
859 4176 941 4239 „Wir
974 4176 1061 4226 haben
1091 4176 1162 4225 dieso
1189 4175 1265 4226 Liste
1291 4193 1340 4228 aus

196 4263 253 4312 drei
271 4263 397 4325 Quellen,
415 4277 464 4311 aus
483 4261 621 4323 Diodor,
646 4278 699 4311 von
717 4262 774 4311 dem
793 4260 974 4324 Eusebius,
999 4261 1236 4324 Hieronymus,
1263 4262 1339 4311 Cas-

197 4348 321 4408 siodor,
342 4345 517 4412 Synoellus
535 4346 703 4409 abhbngen.“
734 4347 802 4395 idem
819 4346 885 4395 dicit
903 4345 931 4393 iu
950 4345 1040 4395 adnot.
1059 4348 1116 4396 308.
1189 4413 1191 4418 A

1122 4437 1138 4482 3
