3252 5108
748 299 952 361 —Iss-

276 479 308 536 in
332 477 431 555 capite
447 475 660 554 componendo
676 474 848 534 adhibitum
863 495 928 534 esse
950 483 1103 553 putemus,
1128 474 1308 545 inducimur,
1326 493 1416 552 quam

275 578 400 656 quidem
415 577 655 648 similitudinem,
669 577 843 655 quicunque
858 577 990 636 Diodori
1005 575 1100 636 verba
1121 594 1189 634 cum
1203 575 1415 655 Thucydideis

277 678 512 757 comparaverit,
536 677 664 739 videbit.

360 779 479 838 Eadem
502 779 579 838 ratio
603 779 709 855 capitis
726 779 765 836 79
789 787 849 851 est,
874 797 1029 857 quoquae
1052 778 1090 838 de
1106 798 1211 856 pugna
1226 778 1417 855 ad‘Tegeam

277 883 358 941 facta
380 890 545 940 narrantur
567 881 624 938 etsi
645 881 677 937 in
693 881 870 938 universum
892 900 961 938 cum
983 880 1019 938 iis
1036 888 1223 956 congruunt,
1248 898 1328 956 quae
1343 880 1417 937 inde

277 1005 295 1042 a
316 982 337 1040 l.
353 982 383 1041 V
405 1001 470 1060 cap.
488 983 526 1040 67
549 1000 646 1058 usque
669 980 708 1039 ad
724 999 791 1058 cap.
808 981 847 1038 73
861 1001 879 1038 a
900 979 1085 1060 Thucydide
1107 980 1290 1052 referuntur,
1315 988 1416 1039 tamen

279 1103 318 1142 ex
341 1103 376 1142 eo
399 1083 466 1161 ipso
491 1083 630 1142 desumta
652 1102 715 1140 non
731 1100 799 1140 esse
823 1101 858 1139 ea
881 1080 954 1140 inde
971 1089 1116 1159 apparet,
1139 1082 1223 1159 quod
1245 1081 1327 1139 solus
1342 1081 1416 1139 Dio-

278 1185 369 1244 dorus
384 1182 518 1261 Agidem
540 1181 711 1243 aPharace
733 1202 795 1241 uno
819 1201 856 1240 ex
873 1182 1052 1240 decemviris
1074 1182 1133 1241 illis
1151 1182 1319 1260 Spartanis,
1343 1202 1416 1261 quo·

276 1286 376 1344 minus
392 1285 475 1344 mille
498 1303 549 1344 eos
560 1283 706 1361 Argivos,
731 1302 807 1362 quos
823 1285 882 1342 iam
897 1304 990 1362 supra
1005 1284 1243 1356 nominavimus,
1268 1285 1309 1343 ad
1323 1305 1418 1343 unum

278 1406 382 1445 omnes
406 1385 562 1457 caederet,
588 1385 775 1463 prohibitum
797 1404 864 1444 esse
888 1393 1110 1444 commemorat.
1140 1386 1190 1444 De
1213 1384 1417 1444 seditionibus

279 1507 401 1566 quoque
423 1486 547 1565 Argivis
570 1485 756 1565 Thucydide
785 1487 937 1564 copiosius
967 1487 1029 1564 egit
1057 1484 1191 1558 Siculus,
1223 1485 1338 1565 quippe
1365 1487 1419 1564 qui

278 1589 361 1648 solus
384 1588 545 1666 optimates
575 1587 737 1646 demedio
765 1587 922 1646 sustulisse
949 1587 1089 1646 homines
1118 1587 1281 1666 populares
1304 1606 1419 1666 perque

279 1698 346 1748 octo
369 1708 490 1748 menses
520 1688 738 1766 rempublicam
767 1689 995 1748 administrasse
1027 1688 1118 1746 dicat.
1150 1687 1317 1747 Praeterea
1338 1688 1419 1747 Pho-

278 1790 415 1851 censium
447 1799 478 1849 et
510 1789 709 1849 Locrensium
741 1779 954 1849 contentiones
986 1808 1052 1866 cap.
1076 1790 1117 1848 80
1155 1809 1313 1866 exponens
1351 1790 1419 1868 plus

278 1912 370 1971 quam
408 1892 491 1952 mille
533 1891 702 1950 Locrenses
731 1888 879 1949 cecidisse
919 1898 1037 1962 narrat,
1076 1889 1278 1972 Thucydides
1318 1900 1420 1952 autem

277 1994 300 2052 l.
322 1993 351 2052 V
374 2013 441 2072 cap.
458 1993 497 2052 32
521 2001 636 2052 certum
658 1992 889 2052 interfectorum
903 2012 1062 2051 numerum
1077 2012 1141 2051 non
1158 1992 1291 2052 exhibet.
1321 1993 1418 2053 Deni-

279 2115 339 2174 que
363 2114 399 2154 ea
422 2113 544 2173 quoque
567 2093 742 2153 differentia
770 2093 894 2153 minime
922 2094 1045 2152 silentio
1068 2093 1341 2171 praetermittenda
1364 2103 1418 2166 est,

278 2195 376 2274 quod,
405 2214 474 2255 cum
499 2193 701 2273 Thucydides
722 2194 744 2254 l.
760 2195 806 2254 VI
834 2213 900 2273 cap.
925 2197 942 2253 7
973 2193 1130 2254 Oeniadas
1159 2203 1251 2253 noctu
1280 2215 1318 2254 ex
1344 2193 1420 2254 urbe

279 2297 421 2375 effugisse
444 2303 561 2367 narret,
587 2295 707 2354 Siculus
735 2295 811 2353 alios
835 2293 1045 2354 Oeniadarum
1072 2296 1251 2355 interfectos
1279 2296 1354 2356 alios
1383 2316 1422 2356 ex

278 2396 354 2457 urbe
378 2396 520 2475 expulsos
544 2415 610 2454 esse
632 2395 770 2454 tradidit.

363 2497 431 2557 Iam
452 2517 527 2556 vero
550 2497 583 2555 in
606 2497 659 2570 iis,
688 2516 767 2575 quae
790 2496 864 2557 inde
886 2517 905 2555 a
927 2498 1027 2576 capite
1056 2499 1239 2576 octogesimo
1262 2499 1358 2559 altero
1382 2500 1420 2559 de

279 2600 517 2659 Atheniensium
531 2598 563 2656 in
581 2597 716 2658 Siciliam
731 2598 928 2675 expeditione
946 2598 1101 2672 dicuntur,
1126 2619 1248 2677 prorsus
1264 2600 1325 2659 alia
1341 2602 1422 2661 inter

280 2701 452 2760 Diodorum
474 2709 567 2777 atquc
582 2698 799 2780 Thucydidem
814 2700 979 2759 intercedit
994 2700 1187 2759 necessitudo
1210 2711 1302 2780 atque
1325 2703 1358 2760 iu
1373 2704 1419 2775 iis,

281 2802 319 2861 de
342 2802 453 2880 quihus
474 2801 631 2878 hucusque
661 2801 787 2878 egimus.
819 2801 867 2859 Ibi
895 2803 976 2860 enim
998 2802 1191 2880 Thucydidis
1218 2803 1312 2862 libros
1334 2805 1422 2883 quasi

281 2903 517 2962 fundamentum
541 2921 606 2961 esse
620 2902 841 2974 intelleximus,
866 2904 898 2960 in
921 2922 980 2980 quo
993 2901 1137 2981 Ephorus
1152 2912 1306 2982 tamquam
1328 2906 1420 2965 aedes

280 3025 350 3064 suas
373 3004 569 3076 exstruxerit,
599 3023 683 3060 nunc
709 3022 782 3062 vero
813 3010 843 3061 et
870 3005 965 3061 rarius
988 3004 1218 3064 similitudinem
1247 3015 1277 3064 et
1298 3007 1420 3085 saepius

282 3106 486 3166 differentiam
507 3105 588 3163 inter
607 3103 779 3163 Diodorum
802 3112 832 3162 et
851 3104 1068 3184 Thucydidem
1094 3113 1198 3165 extare
1218 3107 1419 3181 inveniemus,

281 3209 324 3266 ita
345 3216 380 3266 ut
403 3226 472 3264 eum
493 3207 685 3284 scriptorem,
710 3225 749 3264 ex
770 3223 830 3283 quo
853 3205 930 3264 haec
946 3206 1065 3265 Siculus
1089 3206 1249 3280 desumsit,
1274 3217 1421 3268 nontam

282 3308 447 3387 diligenter
461 3306 654 3386 Thucydidis
677 3306 807 3384 vestigia
829 3307 988 3384 pressisse,
1013 3307 1067 3365 sed
1090 3309 1152 3367 suis
1168 3310 1268 3386 potius
1291 3309 1420 3388 pedibus

282 3409 445 3469 incessisse
460 3415 618 3486 appareat.
658 3406 761 3486 Atque
787 3408 917 3487 primum
942 3407 1067 3486 quidem
1097 3429 1164 3488 cap.
1181 3411 1220 3468 82
1236 3411 1419 3488 EgestanoS,

281 3521 446 3590 antequam
460 3509 600 3570 Athenas
622 3509 788 3584 venissent,
805 3509 1087 3589 Agragantinorum
1103 3519 1133 3570 et
1149 3510 1419 3591 Syracusanorum,

283 3614 405 3685 deinde,
423 3633 491 3672 cum
512 3612 544 3671 hi
566 3614 744 3672 societatem
760 3610 990 3685 detrectassent,
1010 3611 1311 3692 Carthaginiensium
1334 3616 1416 3673 auxi-

281 3716 356 3774 lium
378 3714 567 3792 implorasse,
592 3714 675 3792 quod
691 3734 766 3774 sane
781 3733 844 3772 non
866 3714 1111 3792 impetraverint,
1135 3713 1291 3772 Diodorus
1315 3717 1418 3788 refert,

282 3815 483 3895 Thucydides
499 3822 601 3874 autem
616 3815 738 3875 silentio
754 3815 967 3893 praetermisit.
990 3814 1115 3874 Deinde
1124 3814 1248 3873 nonnisi
1264 3816 1296 3872 in
1311 3814 1420 3875 biblio-

281 3918 371 3976 theca
393 3901 538 3976 historica
560 3916 687 3995 legitur,
712 3926 742 3976 et
764 3916 867 3995 plures
890 3915 1013 3976 Siciliae
1036 3915 1126 3974 urbes
1148 3917 1266 3994 legatos
1283 3916 1421 3977 Athenas

281 4019 399 4078 misisse
422 4017 461 4077 de
477 4017 603 4078 foedere
620 4027 740 4077 acturos
764 4027 794 4078 et
809 4018 979 4078 Leontinos
991 4019 1182 4097 'praesertim
1204 4027 1326 4096 praeter
1342 4019 1420 4098 Ege·

283 4129 387 4180 stauos
409 4119 626 4191 Athenienses,
651 4121 736 4181 utin
759 4119 895 4179 Siciliam
918 4120 1083 4178 exercitum
1105 4120 1269 4192 mitterent,
1295 4141 1422 4180 commo·

282 4224 373 4284 visse.
404 4221 442 4282 In
465 4222 560 4281 altero
577 4240 698 4300 quoque
721 4221 742 4280 l.
758 4220 842 4280 XIII
858 4223 956 4299 capite
977 4221 1133 4299 complura
1155 4222 1244 4280 aliter
1258 4231 1423 4281 narrantur

283 4333 375 4404 atque
403 4323 485 4402 apud
508 4322 734 4402 Thucydidem.
769 4321 901 4380 Athenis
930 4323 1012 4381 enim
1041 4323 1151 4382 divites
1179 4324 1262 4400 ipsos
1284 4323 1422 4382 triremes

284 4446 463 4498 exornasse,
488 4425 564 4484 alios
581 4425 743 4503 pecuniam
763 4444 797 4482 sc
821 4424 944 4484 daturos
962 4445 1028 4485 esse
1045 4424 1171 4498 dixIsse,
1196 4423 1271 4482 alios
1288 4425 1422 4504 denique

897 4660 1128 4752 ,1—
