3252 5108
668 320 878 385 -79..

289 495 339 554 Ex
361 495 398 554 iis
420 515 500 574 quae
523 494 719 553 disseruimus
735 515 803 554 cum
826 495 857 554 id
879 496 1003 573 quidem
1018 517 1166 575 apparere
1194 495 1343 569 videatur,

207 596 378 654 Diodorum
400 605 431 655 et
452 595 629 675 Appianum
653 597 683 654 in
709 596 910 656 describendo
932 596 1014 656 bello
1035 597 1152 656 Punico
1176 597 1272 656 altero
1295 618 1344 657 eo·

207 697 276 756 dem
298 697 385 756 fonte
399 716 471 756 usos
487 717 562 769 esse,
587 696 647 756 iam
670 718 705 756 eo
721 698 970 776 progrediamur,
995 707 1037 771 ut,
1062 699 1203 778 quisnam
1226 699 1250 757 is
1273 699 1344 759 fons

192 799 307 871 fuerit,
332 817 528 877 quaeramus,
553 817 613 877 qua
637 799 675 857 de
690 819 723 858 re
738 798 814 877 quid
831 798 918 858 nohis
935 799 1099 860 dicendum
1114 799 1169 872 sit,
1194 801 1345 859 eominus

207 899 332 958 dubium
355 908 415 972 est,
446 917 506 978 quo
529 899 651 976 planius
680 908 710 957 et
739 900 901 959 dilucidius
925 898 1053 960 Carolus
1076 901 1168 960 Peter
1177 894 1215 977 ⁶⁷)
1238 902 1285 959 vir
1307 901 1345 959 de

205 1002 275 1074 hac,
300 1003 332 1059 in
355 1021 416 1080 qua
438 1021 608 1072 versamur,
636 1001 793 1060 literarum
818 1001 980 1080 disciplina
1002 1021 1192 1088 summopere
1220 1003 1344 1061 meritus

99 1149 102 1156 ,
207 1103 244 1162 de
267 1101 403 1181 Appiani
427 1101 563 1160 fontibus
587 1103 659 1178 egit.

290 1204 352 1281 Qui
381 1225 449 1263 cum
476 1202 654 1282 Appianum
682 1202 716 1261 in
743 1202 824 1262 hello
851 1204 970 1264 Punico
1000 1205 1095 1265 altero
1124 1205 1223 1264 Sileni
1249 1204 1344 1263 libros

200 1307 394 1385 'potissimum
417 1303 594 1364 adhibuisse
610 1306 724 1382 optIme
740 1304 1009 1378 demonstraverit,
1030 1305 1202 1365 Diodorum
1223 1325 1346 1385 quoque

205 1409 287 1466 hunc
310 1407 488 1485 scriptorem
510 1413 648 1464 secutum
671 1424 738 1463 esse
760 1404 949 1482 putabimus3
978 1407 1011 1465 id
1034 1407 1116 1486 quod
1139 1429 1174 1466 eo
1198 1407 1344 1467 verisimi-

203 1510 263 1569 lius
287 1517 341 1579 est,
366 1509 439 1586 quia
454 1506 612 1566 nonnullis
628 1507 692 1564 eius
709 1506 888 1583 fragmentis
903 1526 951 1564 res
967 1516 1248 1580 commemorantur,
1265 1527 1345 1586 quae

205 1611 263 1669 nisi
287 1610 369 1688 apud
385 1609 507 1666 Livium
521 1626 672 1686 nusquam
695 1607 905 1665 inveniuntur.
936 1607 1015 1665 Nam
1030 1608 1063 1666 id
1078 1627 1201 1687 quoquc
1217 1606 1345 1668 Carolus

204 1711 297 1770 Peter
329 1709 481 1788 probavit,
520 1707 658 1767 Caelium
689 1707 899 1786 Antipatrem‚
933 1727 993 1786 quo
1027 1718 1150 1788 praeter
1181 1710 1346 1789 Polybium

204 1813 311 1870 Livius
334 1813 365 1869 in
391 1809 593 1869 describendo
617 1809 697 1867 bello
720 1807 905 1868 Annibalico
934 1829 1006 1868 usus
1032 1819 1091 1883 est,
1109 1811 1260 1870 Silenum
1282 1832 1345 1870 non

204 1913 389 1990 neglexisse.

288 2013 477 2090 Fragmenta
486 2019 589 2070 autem
605 2010 753 2070 eiusmodi
770 2019 842 2070 sunt
857 2011 961 2070 haece.
979 2011 1064 2070 Libri
1077 2013 1171 2072 XXV
1182 2014 1290 2092 fragm.
1306 2016 1345 2072 17
1396 2061 1403 2072 .

207 2113 285 2190 (exo.
308 2114 381 2174 Vat.
403 2134 433 2192 p.
458 2114 507 2184 56,
533 2109 585 2189 57)
615 2112 818 2171 Victumelam
832 2111 938 2171 urbem
960 2133 1026 2172 esse
1049 2123 1255 2193 expugnatam
1277 2135 1356 2174 nar.

175 2282 178 2289 ,
206 2225 303 2288 ratur,
339 2215 370 2274 id
404 2214 488 2293 quod
522 2221 682 2292 praeterea
707 2233 786 2272 unus
822 2214 927 2274 Livius
955 2215 976 2272 l.
999 2215 1082 2273 XXI
1109 2237 1175 2292 cap.
1199 2217 1238 2274 57
1267 2237 1346 2276 corn·

206 2324 363 2376 memorat.

291 2418 415 2477 Deinde
429 2418 450 2476 l.
467 2415 578 2475 XXVI
593 2417 797 2494 fragmentum
819 2417 871 2489 11,
888 2436 958 2494 quo,
981 2426 1130 2494 quantum
1143 2418 1274 2477 hiberna
1290 2416 1346 2476 Oa-

208 2541 311 2599 puana
333 2519 372 2578 ad
396 2518 610 2596 infringendas
635 2515 934 2594 Carthaginiensium
961 2519 1041 2577 vires
1064 2518 1230 2588 valuerint,
1255 2539 1346 2597 expo·

207 2623 303 2692 nitur,
327 2620 511 2678 simillimum
533 2627 579 2677 est
600 2617 793 2696 paragrapho
811 2617 886 2676 121.
908 2617 1023 2675 XXIII
1046 2639 1113 2696 cap.
1138 2613 1175 2678 18
1191 2619 1283 2678 Livii.

292 2722 458 2781 Praeterea
486 2721 545 2779 nisi
572 2719 704 2777 Diodori
730 2718 751 2776 l.
778 2718 890 2776 XXVI
913 2719 1084 2796 fragmento
1110 2721 1148 2778 17
1172 2716 1250 2796 (exc.
1274 2720 1347 2779 Vat.

209 2845 238 2902 p.
263 2821 317 2900 69)
341 2831 371 2880 et
393 2822 474 2880 Livii
497 2821 596 2899 capite
613 2821 651 2876 22
674 2819 696 2877 l.
712 2819 806 2877 XXV
821 2818 854 2877 id
876 2821 1181 2894 senatusconsultum,
1205 2841 1265 2899 quo
1290 2820 1346 2880 Ca-

209 2924 333 3003 puanis,
363 2923 389 2982 si
412 2923 587 2982 adsertam
617 2920 697 2979 diem
725 2920 764 2980 ad
786 2921 942 2980 Romanos
972 2922 1153 2995 deficerent,
1182 2923 1347 3002 impunitas

210 3035 256 3086 est
278 3025 438 3104 promissa,
463 3045 525 3082 non
549 3029 807 3081 commemoratur.

294 3127 438 3205 Denique
459 3124 590 3184 Diodori
612 3124 819 3201 fragmentum
841 3124 881 3184 20
905 3121 983 3201 (exc.
1008 3124 1078 3182 Vat.
1102 3145 1132 3203 p.
1157 3123 1209 3201 60)
1233 3126 1348 3185 similli-

210 3249 290 3288 mum
313 3235 359 3286 est
381 3226 462 3286 Livii
484 3224 684 3304 paragraphis
708 3227 726 3283 6
750 3231 781 3284 et
804 3228 821 3283 7
845 3245 912 3304 cap.
936 3227 975 3284 25
998 3225 1019 3285 l.
1040 3227 1144 3285 XXV.

434 3342 541 3391 Livius.
1016 3341 1128 3392 Diodor.
1223 3403 1225 3408 Α

252 3447 347 3525 legati
376 3466 444 3504 cum
476 3444 583 3503 infulis
621 3452 651 3502 et
683 3443 764 3502 vela·
834 3444 901 3506 τῶν
939 3441 1140 3519 (υρακοείων
1176 3443 1254 3520 μετὰ
1289 3445 1348 3520 τὴν

211 3549 320 3607 mentis
348 3553 501 3605 venerunt
529 3553 702 3622 precantes,
732 3553 766 3603 ut
791 3541 910 3606 ἅλωειν
930 3545 986 3619 τῆ(
1001 3541 1128 3606 πόλωε(
1149 3542 1348 3621 ἀπαντηεάν-

211 3673 229 3709 a
259 3649 404 3708 caedibus
434 3657 465 3705 et
491 3646 651 3722 incendiis¹
674 3646 764 3704 absti·
791 3664 857 3708 των
881 3643 1060 3727 Μαρκέλλῳ
1087 3644 1160 3724 μεθ’
1181 3644 1347 3727 ἱκετηρίαε,

212 3761 344 3810 neretur.
390 3749 552 3808 Marcellus
583 3747 692 3819 edixit,
713 3763 766 3805 'ne
793 3751 858 3808 τῶν
888 3745 944 3822 μὲν
980 3745 1159 3825 ἐλευθέρων
1195 3747 1348 3824 εωμάτων

211 3854 280 3932 quis
318 3852 449 3911 liberum
485 3869 594 3928 corpus
628 3850 765 3921 violaret,
794 3846 857 3925 ἔφη
882 3845 1058 3929 φείδεεθαι,
1088 3847 1144 3911 τὰ(
1169 3849 1204 3912 δὲ
1229 3849 1349 3928 κτήεει(

212 3962 314 4014 cetera
335 3953 469 4032 praedae
491 3953 603 4012 futura.
794 3947 917 4013 ἁπάεα(
933 3947 1109 4025 διαρπάεαι.

282 4239 325 4305 57)
343 4239 395 4289 Die
418 4235 530 4298 Quellen
552 4235 598 4285 des
620 4234 728 4284 Liviusv
743 4235 779 4284 im
802 4237 842 4284 21.
868 4236 923 4286 und
945 4202 986 4286 11.
1009 4235 1085 4288 Buch
1107 4252 1197 4303 progr.
1219 4239 1351 4290 Portense

215 4329 279 4378 1863
297 4341 358 4392 pag.
378 4325 418 4374 65.

581 4473 979 4492 *—
