3252 5108
733 268 945 332 ..34.„

266 445 428 523 promsisse
452 452 538 522 putat
553 437 833 518 Mommsenirrs¹⁶)‚
865 464 926 501 non
954 443 997 501 ita
1025 449 1215 519 computasse
1243 441 1408 500 verisimile

267 555 327 618 est,
351 555 385 603 44
400 547 528 606 Romam
549 546 645 603 altero
669 546 816 622 septimae
847 544 1029 623 olympiadis
1058 563 1140 601 anno
1164 542 1318 601 conditam
1342 562 1407 600 esse

267 655 423 706 statueret.
477 645 510 704 Si
544 647 611 725 quis
646 647 728 705 enim
757 647 884 704 Romam
914 645 1009 703 altero
1040 625 1186 722 septimae
1225 643 1408 722 olympiadis

267 769 348 806 anno
375 748 530 806 conditam
559 767 625 806 esse
655 748 741 820 dicit,
774 747 805 805 id
835 744 952 805 duabus
981 745 1150 804 rationibus
1180 744 1327 822 explicari
1355 764 1407 822 pe·

212 929 213 932 Ἴ
266 844 382 926 444417).
1023 840 1026 842 ’

351 949 414 1008 Aut
430 951 512 1009 enim
528 951 657 1028 aprime
674 950 857 1030 olympiadis
874 947 1220 1026 duodeseptuagesimae
1235 942 1299 1022 (01.
1312 947 1360 1018 60,
1376 945 1406 1024 1)

268 1073 363 1123 4444,
389 1071 449 1129 quo
465 1052 592 1110 liberam
608 1051 824 1128 rempublicam
840 1051 953 1110 saetam
969 1069 1034 1108 esse
1050 1049 1196 1119 traditur,
1222 1047 1282 1104 243
1300 1068 1406 1120 annos,

267 1175 321 1232 per
344 1173 419 1231 quos
441 1154 557 1212 Romae
580 1173 667 1230 reges
691 1153 792 1224 fuere,
818 1159 973 1222 numerat,
998 1160 1050 1209 aut
1073 1151 1099 1208 si
1121 1170 1209 1228 reges
1233 1149 1294 1205 244
1310 1170 1409 1207 annos

267 1253 485 1332 rempublicam
512 1253 740 1314 administrasse
769 1253 889 1324 statuit,
926 1273 992 1310 eam
1021 1249 1218 1328 computandi
1247 1250 1406 1323 rationem,

268 1375 346 1434 quae
363 1355 497 1413 infestis
514 1354 652 1414 adhibita
675 1364 728 1427 est,
745 1373 878 1432 sequens
900 1353 1023 1412 tertium
1040 1353 1279 1416 decemvirorum
1294 1373 1409 1411 annum

269 1455 361 1515 debet
384 1455 532 1514 omittere.
617 1491 618 1494 =

352 1554 448 1633 Atqui
473 1555 643 1628 Castorem,
673 1558 789 1634 regium
819 1557 979 1634 imperium
1000 1557 1116 1614 Romae
1144 1574 1199 1632 per
1226 1575 1324 1614 annos
1348 1556 1408 1612 244

268 1658 417 1730 extitisse,
447 1653 601 1733 seimus¹⁸)
627 1678 781 1731 narrasso;
812 1677 902 1735 quam
931 1657 968 1716 ob
1002 1677 1079 1727 rem,
1110 1657 1135 1713 si
1157 1657 1284 1714 Romam
1313 1657 1408 1713 altero

267 1758 415 1834 septimae
438 1758 621 1836 olympiadis
650 1779 732 1816 anno
761 1758 913 1817 conditam
938 1777 1003 1816 esse
1028 1757 1167 1828 dixisset,
1199 1777 1266 1815 eam
1288 1778 1409 1835 eompu-

201 1887 204 1894 «
269 1857 356 1917 tandi
379 1859 528 1918 rationem
544 1858 742 1931 adhibuisset,
774 1861 899 1937 quaein
928 1859 1014 1916 fastis
1041 1859 1185 1916 cernitur.
1231 1857 1308 1916 Cum
1337 1879 1409 1917 vero

269 1958 386 2016 nullum
398 1961 555 2038 antiquum
571 1961 754 2038 scriptorem
765 1961 948 2032 noverimus,
965 1961 1017 2037 qui
1039 1959 1133 2018 fastos
1157 1961 1188 2016 in
1205 1959 1410 2036 computando

268 2067 389 2118 secutus
417 2061 457 2119 sit
471 2055 524 2139 19),
554 2083 594 2120 44
624 2061 779 2121 Castorem
809 2063 932 2141 quidem
967 2081 1018 2120 eos
1046 2068 1183 2119 secutum
1211 2080 1277 2119 esse
1306 2061 1409 2121 verisi-

269 2161 340 2219 mile
364 2170 418 2220 est.

355 2278 420 2336 Iam
443 2300 515 2337 vero
543 2281 701 2338 cuiusnam
730 2280 910 2338 auctoritate
933 2288 1097 2338 commotus
1120 2281 1158 2338 sit
1184 2279 1353 2354 Diodorus,
1378 2291 1412 2341 ut

263 2379 397 2464 ⁴Romam
426 2381 521 2438 altero
550 2383 697 2458 septimae
726 2381 907 2460 olympiadis
930 2381 980 2440 vel
1007 2383 1068 2439 433
1098 2380 1135 2439 ab
1159 2382 1196 2440 Il.
1219 2389 1299 2462 capt.
1330 2404 1410 2442 anne

270 2479 426 2539 conditam
441 2501 506 2540 esse
522 2490 678 2556 statueret,
696 2492 879 2561 quaerentes
894 2483 946 2540 vix
962 2482 1176 2556 dubitabimus,
1195 2485 1269 2562 quin
1285 2485 1410 2562 Apollo-

273 2581 379 2639 dorum
401 2583 623 2644 Atheniensem
645 2593 765 2643 secutus
793 2585 846 2657 sit,
876 2585 960 2643 euius
990 2585 1124 2643 rationes
1151 2587 1183 2643 in
1207 2587 1411 2664 computande

271 2683 450 2762 plerumque
472 2681 671 2764 probavit²⁰).

357 2801 436 2859 Nam
458 2783 587 2879 priinum
610 2805 734 2882 quidem
756 2805 788 2862 id
811 2805 1009 2863 certissimum
1038 2813 1097 2877 est,
1127 2805 1351 2883 Apollodorum
1373 2807 1411 2864 ab

272 2899 330 2958 Ilio
354 2910 442 2977 capto
465 2923 561 2980 usque
585 2905 623 2962 ad
640 2906 766 2982 primam
788 2906 993 2983 olympiadem
1022 2927 1119 2964 annos
1135 2908 1194 2966 401
1213 2917 1411 2985 computasse,

273 3001 304 3060 id
327 3002 408 3078 quod
442 3004 681 3063 luculentissime
708 3027 746 3064 ex
782 3027 817 3062 ee
840 3007 907 3063 loeo
934 3018 1084 3085 apparet,
1119 3030 1208 3086 quern
1241 3009 1306 3086 ipse
1338 3010 1412 3067 Dio-

274 3101 365 3170 dorus
401 3101 434 3179 (l.
458 3105 493 3175 Ι,
518 3102 549 3182 5)
595 3105 730 3165 exhibet:
776 3103 840 3167 ἀπὸ
871 3105 906 3166 δὲ
936 3111 1003 3169 τῶν
1040 3106 1191 3184 Τρωικῶν
1226 3107 1414 3171 ἀκολούθως

273 3200 561 3286 Ἀπολλοδώρῳτῷ
578 3204 732 3289 Ἀθηναίῳ
747 3205 869 3285 τίθεμεν
877 3206 1082 3285 ὀγδοήκοντα
1098 3209 1152 3286 ἔτη
1169 3209 1251 3286 πρὸ(
1266 3210 1323 3286 τὴν
1339 3208 1412 3272 κάθ-

273 3307 353 3365 otor
380 3308 444 3366 τῶν
467 3303 697 3388 Ἡρακλειδῶν,
724 3307 789 3371 ἀπὸ
813 3308 848 3370 δὲ
869 3308 984 3386 ταύτης
1006 3308 1058 3371 ἐπὶ
1079 3311 1136 3388 τὴν
1160 3310 1291 3387 πρώτην
1318 3309 1412 3387 ὀλυμ·

274 3403 372 3467 πιάδα
392 3405 461 3467 oeci
487 3406 638 3470 λείποντα
659 3415 725 3471 τῶν
751 3409 937 3486 missorium
964 3409 1013 3473 καὶ
1038 3410 1208 3488 τριάκοντα
1224 3433 1250 3474 κ.
1266 3433 1291 3474 τ.
1308 3414 1334 3474 λ.
1360 3412 1414 3490 (80

274 3507 313 3585 -Ι-
330 3510 551 3590 328Ξ408).

360 3611 478 3688 Quodsi
504 3613 711 3693 Apollodoms
739 3616 867 3693 primam
900 3617 1106 3695 olympiadem
1139 3637 1253 3675 annum
1286 3617 1323 3674 ab
1356 3616 1413 3675 Ilio

275 3722 364 3791 eapte
403 3717 509 3772 statuit
538 3737 604 3775 esse
631 3718 707 3789 408,
750 3718 827 3778 alter
854 3717 1001 3796 septimae
1040 3718 1223 3796 olympiadis
1258 3738 1357 3777 annus
1386 3719 1415 3777 ei

344 3982 385 4046 16)
403 3983 523 4034 ehronol.
540 3999 642 4034 roman.
660 3999 720 4049 pag.
741 3986 796 4034 156.

345 4066 386 4130 17)
405 4068 559 4118 Mommsen.
578 4069 698 4120 chronol.
716 4085 780 4118 rem.
798 4087 823 4134 p.
844 4073 899 4120 144.

346 4151 387 4216 18)
406 4153 504 4202 Euseb.
522 4153 540 4202 l.
558 4154 572 4202 Ι
590 4171 611 4203 e.
630 4156 670 4203 48.
689 4153 803 4204 Zohrab.
822 4169 883 4218 pag.
901 4156 958 4204 217.

346 4235 388 4300 19)
409 4235 564 4286 Mommsen.
584 4237 676 4288 chron.
694 4253 759 4287 rem.
777 4253 837 4302 pag.
858 4240 914 4288 148.

344 4319 387 4386 20)
405 4322 426 4382 I,
445 4324 469 4382 5,
488 4322 548 4383 XII,
572 4328 593 4385 l,
614 4322 687 4385 XIV,
706 4325 730 4384 2,
741 4321 813 4384 XIX,
828 4325 849 4385 1,
862 4323 921 4384 XX,
933 4326 958 4385 2,
970 4323 1023 4372 vid.
1037 4339 1142 4389 quoque
1155 4323 1216 4374 Chr.
1229 4323 1415 4390 Volquardsen

277 4422 334 4472 eap.
353 4405 402 4458 III.
