3252 5108
676 303 949 381 --63-Ι

216 475 333 534 nullum
354 495 457 534 eorum
472 476 614 548 virorum,
632 479 685 555 qui
701 477 739 537 de
754 476 802 536 his
818 477 948 535 Diodori
964 479 1144 556 fragmentis
1160 488 1298 554 egerunt,
1317 479 1355 537 de

215 577 341 636 Timaeo
365 596 405 636 66
420 579 570 656 cogitasse
590 578 728 655 quidem,
753 598 844 656 quem
859 579 1007 656 peculiari
1028 578 1105 636 libro
1121 578 1234 656 Pyrrhi
1262 580 1356 638 vitam

216 677 412 755 descripsisse
441 679 515 737 satis
538 688 644 738 notum
673 687 728 737 est.
764 678 815 738 Ad
844 678 1004 738 Timaeum
1032 700 1105 737 voro
1133 679 1210 739 haec
1224 679 1355 738 Diodori

215 780 387 856 fragmenta
402 780 566 838 referenda
582 799 647 839 6666
658 782 703 840 611
720 788 868 857 putemne,
892 788 940 839 sat
951 780 1052 839 multis
1066 781 1164 839 causis
1188 801 1354 841 commove·

215 900 291 939 mur.
319 880 366 939 Ea
389 881 479 953 enim,
503 889 537 939 ut
554 881 612 940 hoc
633 890 845 959 argumentum
867 881 997 959 primum
1007 881 1140 953 afferam,
1165 882 1355 942 fuissevide·

214 991 263 1040 tur
284 981 417 1040 Diodori
438 983 471 1040 iu
494 982 686 1060 excerpendo
710 982 899 1042 consuetudo
923 991 970 1054 ut,
995 983 1021 1040 si
1043 992 1159 1061 posset,
1184 982 1354 1060 peculiares

213 1082 306 1141 libros
334 1082 510 1155 adhiberet,
547 1084 631 1142 cuius
658 1083 888 1142 consuetudinis
922 1083 1088 1142 clarissima
1117 1084 1256 1161 exempla
1283 1094 1355 1143 6661

213 1184 330 1242 Philini
345 1185 435 1261 primi
449 1182 524 1242 belli
537 1181 649 1242 Punici
664 1184 792 1243 historia
814 1193 845 1243 et
860 1183 958 1244 Sileni
975 1182 1046 1243 libri
1069 1184 1108 1242 de
1131 1183 1212 1242 bello
1235 1183 1353 1244 Punico

214 1285 323 1356 altero,
348 1303 423 1362 quos
453 1283 609 1343 Diodorus
639 1304 821 1364 quamquam
844 1286 876 1344 in
899 1286 949 1356 iis,
974 1304 1053 1362 quae
1083 1284 1270 1345 antecedunt
1291 1285 1353 1345 bel-

212 1386 275 1444 lum
297 1385 447 1444 Punicum
474 1385 616 1457 alterum,
647 1386 810 1446 narrandis
840 1386 1005 1465 Polybium
1034 1394 1154 1444 secutus
1184 1395 1243 1458 661,
1274 1387 1354 1446 66166

214 1486 339 1544 fercead
369 1486 614 1563 componendam
641 1487 715 1545 belli
737 1487 847 1545 Punici
876 1487 1001 1547 alterius
1024 1487 1181 1545 historiam
1204 1485 1352 1549 adhibuit.

213 1586 338 1646 Deinde
366 1594 467 1646 autem
495 1587 527 1645 id
554 1606 676 1665 quoque
704 1607 810 1646 verum
839 1596 898 1660 est,
928 1587 1099 1645 Diodorum
1127 1586 1266 1646 omuibus
1289 1588 1355 1648 fere

214 1689 281 1748 aliis
315 1687 513 1766 scriptoribus
550 1689 729 1747 antetulisse
763 1689 927 1767 populares
957 1708 1041 1760 suos,
1077 1688 1255 1764 praesertim
1288 1709 1355 1748 cum

214 1789 252 1848 de
275 1788 365 1847 rebus
389 1788 498 1848 Siculis
521 1789 642 1867 agebat.
674 1790 776 1849 'Pestis
799 1797 845 1847 est
859 1789 1008 1848 Philistus
1025 1788 1245 1868 Syracusanus,
1269 1791 1356 1849 testis

213 1899 259 1948 cst
282 1891 347 1968 ipse
369 1890 528 1961 Timaeus,
553 1891 639 1949 testis
663 1899 708 1950 661
729 1890 871 1948 Philinus
887 1888 1120 1968 Agrigentinus.

297 1991 384 2050 Haec
412 1998 484 2049 sunt
513 2000 693 2068 argumenta
716 1992 904 2049 extrinsecus
934 1991 1030 2068 petita
1058 2011 1115 2048 nec
1143 1991 1262 2050 leviora
1284 2001 1355 2050 suut

214 2112 266 2165 ea,
305 2111 384 2170 quae
415 2112 454 2152 ex
490 2093 555 2170 ipso
593 2112 628 2150 eo
660 2091 790 2151 Diodori
818 2092 901 2163 loco,
941 2091 979 2150 de
1012 2110 1072 2169 quo
1098 2092 1229 2170 agimus,
1266 2092 1352 2151 desu-

213 2203 345 2252 muntur.

296 2293 400 2375 Atque
428 2302 588 2373 praeterea
609 2313 731 2372 quoque
759 2295 792 2354 in
820 2294 899 2352 libro
927 2293 1027 2352 XXII
1049 2295 1262 2373 componendo
1279 2296 1353 2354 Dio·

214 2398 318 2455 dorum
347 2397 468 2455 Timaei
502 2395 588 2454 libris
617 2415 704 2454 usum
733 2416 799 2454 csse
813 2421 817 2436 =
831 2396 944 2474 optime
979 2395 1197 2454 demonstravit
1233 2394 1355 2455 Curtius

213 2497 422 2558 Wachsmuth.
453 2497 483 2556 Is
508 2497 589 2556 enim
611 2498 643 2555 in
660 2495 779 2576 Sybclii
803 2497 892 2556 diarii
911 2496 1048 2554 historici
1063 2496 1219 2555 volumino
1233 2496 1266 2554 X
1289 2517 1349 2555 om·

213 2601 267 2657 616
296 2619 345 2671 66,
381 2618 460 2677 (1666
490 2619 508 2656 6
536 2599 706 2669 Pausania,
736 2597 870 2668 Iustino,
898 2596 1036 2654 Diodoro
1066 2597 1105 2654 de
1128 2594 1287 2655 Gallorum
1314 2598 1355 2656 ad

214 2700 352 2778 Delphos
380 2701 506 2758 interitu
538 2707 715 2770 narrantur,
746 2718 762 2756 e
791 2698 918 2756 Timaeo
954 2697 1093 2756 desumta
1120 2717 1186 2756 esse
1209 2697 1353 2757 ostendit.

212 2801 335 2860 Deinde
373 2809 474 2860 autem
509 2819 545 2857 ea
586 2817 708 2878 quoque
741 2799 871 2857 Diodori
900 2799 1092 2876 fragmenta,
1134 2798 1257 2878 quibus,
1300 2801 1354 2877 (161

212 2911 285 2961 1666
307 2903 340 2960 16
363 2900 468 2960 Sicilia
489 2902 617 2980 tyranni
640 2900 766 2971 fuerint,
791 2908 932 2958 narratur
954 2900 995 2958 ad
1009 2900 1169 2959 Timaeum
1190 2909 1264 2978 puto
1288 2921 1353 2960 6666

213 3003 391 3076 referenda,
423 3011 453 3062 et
475 3003 547 3080 quia
569 3003 601 3061 16
623 3001 803 3080 Agathoclis
830 3003 894 3060 vita
916 3010 947 3060 et
969 3001 1059 3060 rebus
1082 3003 1184 3079 gestis,
1213 3021 1292 3080 quae
1316 3023 1351 3061 eo

211 3105 304 3176 libro,
328 3106 380 3184 qui
396 3104 565 3177 antecedit,
591 3102 820 3176 describuntur,
844 3102 1007 3162 narrandis
1022 3103 1177 3161 Diodorus
1193 3103 1353 3162 Timaeum

212 3215 334 3265 secutus
358 3215 418 3278 est,
443 3214 473 3264 et
495 3207 568 3285 quia
590 3205 736 3264 Timaeus
759 3206 889 3264 fortasse
922 3202 1003 3261 solus
1038 3203 1117 3260 hano
1139 3211 1271 3262 aetatem
1293 3211 1351 3261 tra·

213 3308 319 3380 ctavit,
360 3317 390 3366 61
422 3308 495 3384 (1616
522 3307 727 3385 fragmentum
755 3304 817 3362 VH
853 3301 931 3380 (exc.
960 3304 1124 3363 Hoeschel.
1158 3324 1188 3381 p.
1211 3301 1285 3380 495)
1320 3305 1352 3361 in

213 3409 326 3467 6611166
356 3408 511 3485 scriptoris
543 3427 639 3484 genus
665 3406 812 3465 narrandi
840 3406 935 3484 magis
964 3405 1095 3484 quadrat
1122 3423 1212 3482 quam
1240 3406 1272 3462 in
1300 3405 1351 3462 Ti-

212 3511 300 3568 maei.
344 3509 393 3568 lbi
421 3509 503 3567 enim
529 3508 673 3566 Phintias
701 3508 864 3586 Agrigenti
891 3507 1017 3586 tyranni
1044 3506 1194 3565 somnium
1224 3525 1351 3563 comme·

212 3619 365 3682 moratur,
409 3609 492 3689 quod
532 3604 799 3687 γραοωλλεκτρίᾳ
834 3608 887 3666 1116
930 3627 991 3665 666
1034 3606 1197 3684 indignum
1232 3606 1354 3666 videtur

213 3732 289 3770 csse.

298 3811 373 3871 Cum
396 3813 442 3872 his
465 3821 566 3872 autem
589 3813 783 3891 fragmentis,
813 3809 979 3888 inquibus
1003 3808 1125 3868 Siciliae
1148 3809 1274 3887 tyranni
1298 3829 1350 3866 no-

212 3916 375 3987 minantur,
400 3933 468 3972 cum
494 3915 659 3973 arctissime
683 3933 719 3972 ea
741 3913 905 3972 cohaerere
927 3912 1099 3982 videantur,
1124 3909 1234 3989 quibus
1258 3929 1305 3968 res
1332 3931 1349 3968 a
1401 3978 1413 3997 l

212 4016 331 4096 Pyrrho
354 4016 387 4073 in
410 4014 515 4073 Sicilia
537 4025 641 4094 gestae
665 4014 892 4086 describuntur,
921 4013 997 4073 haec
1019 4030 1141 4090 quoque
1164 4032 1202 4070 ex
1223 4011 1351 4070 Timaeo

213 4118 351 4177 desumta
375 4135 441 4175 6666
463 4115 647 4193 putabimus.

298 4217 399 4295 Quam
421 4217 604 4276 sententiam
626 4225 659 4274 ut
682 4217 913 4295 amplectamur,
946 4216 1079 4294 denique
1102 4235 1138 4274 eo
1162 4215 1352 4293 potissimum

213 4339 448 4390 commovemur,
472 4319 555 4396 quod
577 4319 644 4395 ipsa
666 4318 720 4376 illa
742 4319 915 4396 fragmenta
942 4320 985 4378 ita
1007 4325 1078 4376 sunt
1101 4325 1288 4395 comparata,
1318 4325 1353 4374 ut

212 4422 253 4481 ad
275 4421 393 4480 nullum
416 4419 476 4478 nisi
498 4417 633 4478 Siculum
655 4419 832 4496 scriptorem
856 4421 963 4480 referri
985 4419 1112 4497 possint.
1142 4419 1246 4477 Tanta
1270 4418 1351 4475 euim
