3252 5108
661 313 873 376 „49-

201 500 317 551 rantur.
348 491 390 549 Et
411 489 566 548 Diodorus
589 490 713 568 quidem
741 488 886 548 Etruscos
920 509 1016 568 usque
1048 489 1087 548 ad
1116 487 1252 548 'l‘iberim
1275 511 1342 568 pro-

203 613 321 672 gressos
350 593 431 670 agris
461 591 587 650 vastatis
620 611 675 650 sua
708 597 817 668 sponte
851 589 977 650 rediisse
1016 591 1103 664 dicit,
1133 591 1240 650 Livius
1269 611 1341 650 vero

202 715 254 754 eos
283 716 300 753 a
324 692 358 753 0.
382 693 497 752 Marcio
520 692 625 753 Rutilo
659 692 807 751 dictatore
842 690 882 751 ad
904 713 999 751 unum
1032 713 1136 752 omnes
1166 694 1343 752 interfectos

203 816 270 855 esse
291 793 430 854 tradidit.
510 849 515 856 .

287 947 411 1007 Deinde
441 966 491 1019 ea,
521 964 600 1024 quae
629 965 647 1004 a
675 945 813 1004 Diodoro
842 944 897 1004 lib.
921 945 1003 1004 XIX
1031 967 1097 1026 cap.
1122 949 1161 1005 76
1185 947 1223 1006 de
1255 944 1341 1006 Gam-

203 1069 353 1128 panorum
368 1047 458 1107 rebus
473 1047 655 1120 afferuntur,
679 1045 774 1105 multo
797 1047 942 1107 maiorem
964 1046 1187 1125 probabilitatis
1210 1047 1344 1125 speciem

203 1171 276 1230 prae
303 1171 336 1209 se
365 1149 444 1210 ferre
472 1149 618 1208 videntur
640 1167 731 1227 quam
754 1167 799 1220 ea,
824 1167 903 1227 quae
926 1149 1048 1208 aLivio
1070 1149 1123 1208 lib.
1147 1147 1196 1206 IX
1219 1166 1285 1225 cap.
1304 1147 1343 1206 26

203 1261 375 1312 narrantur.
397 1249 485 1309 Haec
517 1249 600 1308 enim
631 1248 726 1308 tradit
758 1249 929 1309 Diodorus:
963 1250 1129 1328 Postquam
1160 1249 1291 1308 Poetilio
1314 1256 1345 1306 et

203 1354 338 1433 Sulpicio
351 1351 526 1412 consulibus
543 1349 684 1430 Oapuani
696 1349 734 1409 ad
752 1349 904 1410 Samnites
921 1351 1076 1425 defecere,
1094 1350 1186 1412 (laius
1201 1351 1343 1410 Maenius

203 1456 333 1514 dictator
355 1462 400 1513 est
416 1453 525 1514 dictus.
562 1450 624 1530 Qui
652 1469 720 1511 cum
741 1472 852 1530 magno
880 1472 949 1511 cum
977 1454 1112 1512 exercitu
1140 1452 1179 1512 ad
1207 1450 1343 1532 Capuam

204 1556 377 1628 accederet,
403 1554 543 1633 Capuani
565 1554 695 1632 primum
717 1552 843 1630 quidem
864 1573 1000 1632 pugnam
1022 1555 1208 1614 committere
1229 1562 1342 1614 statue-

203 1666 288 1730 runt,
324 1655 377 1716 ubi
408 1675 480 1716 vero
515 1654 698 1714 Samnitium
737 1655 904 1713 exereitum
938 1655 978 1714 ad
1006 1655 1249 1715 internecionem
1277 1675 1343 1716 esse

203 1760 370 1830 redditum,
400 1757 580 1829 audierunt,
610 1755 792 1815 defectionis
821 1764 960 1815 auctores
993 1756 1140 1814 Romanis
1168 1756 1343 1834 puniendos

182 1861 405 1931 tradiderunt,
434 1859 488 1937 qui
510 1866 675 1935 antequam
707 1877 726 1915 a
752 1856 904 1918 iudicibus
932 1857 1128 1917 condemnati
1163 1866 1249 1931 sunt,
1285 1857 1343 1916 sibi

203 1963 260 2041 ipsi
288 1955 416 2020 mortem
442 1960 666 2018 consciverunt.

289 2112 413 2190 Quanto
441 2110 518 2170 haec
545 2111 680 2169 narratio
715 2107 902 2190 probabilior
935 2129 1026 2188 quam
1053 2111 1199 2170 Liviana!
1237 2112 1343 2172 Livius

203 2217 284 2275 enim
295 2215 460 2285 Romanos,
485 2231 551 2271 cum
576 2210 739 2290 Capuanos
756 2211 885 2271 deficere
908 2213 947 2272 ad
964 2212 1115 2272 Samnites
1137 2212 1218 2273 velle
1241 2213 1341 2274 audis·

202 2326 283 2389 sent,
308 2315 464 2374 Maenium
488 2313 668 2373 dictatorem
691 2313 804 2373 dixisse
827 2322 946 2386 narrat,
976 2315 1038 2393 qui,
1063 2314 1215 2393 quomodo
1239 2335 1287 2375 res
1310 2337 1342 2376 se

201 2418 341 2489 haberet,
366 2424 536 2495 quaereret.
568 2414 637 2493 Quo
665 2416 788 2494 eognito
817 2417 971 2496 principes
994 2417 1220 2476 coniuratorum
1241 2419 1343 2477 statim

201 2539 234 2579 so
256 2520 322 2578 vita
344 2516 477 2577 orbasso.

285 2671 394 2749 Neque
422 2690 494 2730 vero
528 2689 565 2729 ea
598 2668 721 2728 silentio
751 2667 1025 2746 praetermittenda
1057 2676 1142 2740 sunt,
1176 2687 1256 2748 quae
1287 2670 1340 2729 lib.

201 2773 283 2831 XIX
305 2793 371 2850 cap.
397 2771 435 2829 72
465 2770 648 2846 aDiodoro¹
671 2769 878 2848 proferuntur.
915 2767 952 2826 L.
982 2769 1064 2828 enim
1091 2768 1215 2849 Papirio
1245 2779 1275 2830 et
1303 2773 1341 2851 Q.

201 2873 333 2933 Publilio
366 2872 555 2945 consulibus,
597 2871 640 2930 ait
674 2869 850 2942 Diodorus,
890 2869 1021 2929 Romani
1054 2870 1137 2949 apud
1177 2871 1343 2933 Saticulam

201 2974 334 3058 Apuliae
357 2973 516 3034 castellum
538 2971 727 3033 Samnitibus
748 2973 836 3031 victis
865 2971 942 3031 illud
971 2971 1154 3050 oppidulum
1185 2995 1339 3053 expugna·

201 3084 283 3136 runt.
313 3076 383 3156 Quo
406 3077 487 3135 facto
509 3095 577 3134 cum
600 3073 744 3153 Apuliam
765 3082 966 3153 peragrarent
981 3094 1017 3133 eo
1041 3075 1169 3134 consilio
1192 3083 1226 3133 ut
1240 3076 1340 3150 urbes,

201 3198 280 3256 quae
302 3178 342 3238 ad
365 3178 517 3237 Samnites
540 3175 732 3248 defecerant,
757 3175 797 3234 ad
820 3176 953 3235 officium
968 3175 1166 3248 reducerent,
1189 3174 1242 3234 ubi
1258 3175 1341 3236 Sam·

112 3315 119 3322 -
201 3281 282 3340 nites
292 3301 437 3359 magnum
452 3279 618 3338 exercitum
640 3297 815 3355 comparare
830 3277 937 3335 ultima
948 3283 1133 3350 tentaturos,
1158 3277 1274 3338 Romae
1289 3301 1340 3340 au-

203 3383 299 3442 ditum
322 3389 383 3454 est,
415 3381 453 3459 Q.
476 3378 592 3440 Fabius
616 3379 746 3438 dictator
769 3386 815 3437 est
838 3377 951 3449 dictus,
983 3379 1035 3456 qui
1059 3378 1097 3456 Q.
1120 3379 1235 3438 Aulum
1257 3383 1339 3460 equi-

200 3483 281 3544 tibus
305 3483 462 3562 praefecit.
502 3481 564 3559 Qui
593 3501 660 3539 cum
688 3481 728 3540 ad
750 3479 898 3564 Lautulas
927 3499 994 3538 cum
1018 3479 1206 3539 Samnitibus
1233 3501 1341 3540 manus

201 3585 442 3658 conseruissent,
467 3584 612 3643 acerrimo
628 3582 745 3661 proelio
768 3589 872 3641 exorto
887 3580 1018 3639 Romani
1034 3580 1132 3658 fugat-i
1154 3588 1246 3659 atque
1261 3584 1341 3662 pulsi

201 3696 286 3759 sunt,
310 3683 419 3760 Aulus,
436 3685 607 3764 quifugere
631 3683 741 3757 nollet,
766 3682 1021 3761 persequentibus
1042 3681 1182 3742 hostibus
1197 3703 1266 3744 sese
1289 3686 1340 3744 ob·

201 3790 308 3849 iieiens
330 3786 578 3848 honestissimam
600 3793 727 3844 mortem
745 3769 890 3862 oppetiit.

284 3924 371 3982 Haec
392 3931 456 3982 toto
488 3921 573 3982 coelo
598 3921 719 3980 diversa
753 3928 825 3979 sunt
853 3919 891 3979 ab
920 3919 973 3992 iis,
1009 3937 1088 3997 quae
1116 3919 1148 3977 in
1177 3920 1259 3979 Livii
1286 3921 1339 3982 lib.

202 4028 251 4085 IX
273 4014 345 4104 cap,
364 4025 403 4082 22
436 4024 647 4083 inveniuntur.
692 4022 724 4080 Is
762 4022 844 4080 enim
880 4020 918 4080 ab
955 4021 1023 4099 ipso
1047 4021 1196 4081 dictatore
1223 4021 1339 4082 Saticu-

200 4128 260 4186 lam
290 4132 495 4206 expugnatam
524 4143 591 4184 esse
618 4124 692 4184 dicit
721 4131 752 4182 et
773 4131 821 4195 ut,
854 4130 969 4202 quanto
998 4123 1031 4181 in
1060 4122 1234 4183 discrimine
1267 4133 1340 4184 tunc

200 4237 321 4289 versata
348 4229 388 4288 sit
410 4227 520 4296 Roma,
553 4227 696 4297 occultet,
725 4223 878 4285 Samnites
906 4244 1010 4283 omnes
1038 4243 1149 4283 nervos
1171 4225 1339 4286 intentasse

200 4348 404 4410 magnumque
427 4327 591 4388 exereitum
614 4345 803 4404 comparasse
831 4347 895 4386 uon
910 4334 1132 4386 commemorat.

284 4447 408 4508 Deinde
431 4447 471 4506 ad
492 4444 640 4504 Lautulas
663 4444 790 4524 ancipiti
813 4445 930 4524 proelio
953 4451 1123 4524 pugnatum
1145 4465 1211 4505 esse
1235 4454 1339 4505 narrat
