3252 5108
770 273 980 355 -604

299 468 455 546 aperuisse
484 477 514 525 et
544 487 672 546 corpora
701 467 879 544 dissipasse,
910 485 983 544 opes
1014 474 1115 525 autem
1145 467 1226 524 inter
1254 486 1287 526 se
1315 468 1444 545 partitos

299 589 364 628 esse
387 578 523 628 narrant.
561 568 648 626 Haec
670 576 772 626 autem
794 587 857 624 non
874 587 912 625 ex
933 566 1124 646 Hieronymo
1149 566 1288 626 desumta
1309 587 1384 640 esse,
1404 600 1441 609 —

299 669 331 728 id
359 670 443 748 quod
457 670 564 728 statuit
584 668 678 727 Peter
696 701 739 710 —
761 667 834 726 inde
858 669 924 726 iure
946 667 1020 725 mihi
1043 669 1151 726 videor
1173 667 1333 746 colligere,
1358 651 1449 747 quod·

298 770 482 843 Pausanias,
513 789 604 848 quem
626 771 659 827 in
681 768 772 828 rebus
801 768 960 848 aPyrrho
991 770 1118 848 eiusque
1141 769 1320 848 aequalibus
1349 771 1442 848 gestis

299 871 462 930 narrandis
478 871 703 950 Hieronymum
716 878 853 928 secutum
870 859 938 928 csse
962 879 1094 942 constat,
1124 871 1252 928 similem
1267 891 1331 930 rem
1346 891 1409 928 non
1425 889 1444 928 a

303 973 435 1052 Pyrrho,
458 972 513 1032 sed
537 993 555 1030 a
576 971 760 1050 Lysimacho
787 972 898 1031 factam
921 990 987 1030 esse
1009 970 1150 1042 tradidit,
1179 990 1240 1049 qua
1262 991 1294 1030 re
1317 972 1443 1031 minime

299 1074 432 1132 offensus
460 1073 613 1132 Henricus
642 1072 736 1132 Peter
768 1072 807 1130 ad
835 1073 980 1150 paginam
1004 1073 1044 1130 73
1068 1072 1146 1132 hacc
1174 1072 1347 1132 adnotavit:
1377 1073 1442 1145 „Es

296 1174 407 1233 beruht
423 1173 676 1234 wahrscbeinlich
692 1194 750 1231 nur
766 1173 822 1232 auf
835 1174 922 1232 einer
933 1172 1330 1252 Namcnsverwechscluug,
1346 1163 1440 1232 ¹wenn

296 1276 468 1335 Pausanias
491 1275 521 1349 I,
547 1277 579 1347 9,
606 1277 645 1334 10
675 1275 730 1334 der
758 1274 825 1333 hier
854 1274 913 1333 den
937 1274 1145 1353 Hieronymus
1174 1275 1362 1334 namentlich
1386 1295 1439 1333 au-

298 1375 394 1448 fiihrt,
419 1374 570 1434 Dasselbe
598 1395 668 1434 vom
690 1375 941 1454 Lysimachus
970 1376 1011 1432 im
1033 1375 1131 1453 Krieg
1153 1395 1254 1454 gegen
1276 1373 1440 1454 Antigo-

296 1497 368 1535 nus
392 1477 564 1554 gescheben
588 1477 654 1535 sein
677 1477 782 1535 liisst“.

381 1629 423 1686 Et
445 1630 582 1706 profecto
606 1631 649 1688 ita
666 1628 839 1687 differentia
860 1627 938 1688 haec
959 1629 1040 1686 inter
1054 1628 1235 1706 Diodorum
1236 1701 1240 1704 .
1248 1629 1298 1688 vel
1319 1629 1439 1688 Plutar-

296 1730 385 1788 chum
421 1739 452 1788 et
478 1730 665 1795 Pausaniam
699 1729 846 1807 explicari
878 1737 994 1806 posset,
1029 1731 1055 1787 si
1087 1730 1258 1789 Pausanias
1286 1731 1343 1788 isto
1370 1731 1439 1789 loco

298 1832 421 1888 omnino
447 1829 485 1888 dc
506 1831 620 1888 iniuria
642 1838 748 1908 ageret
768 1830 927 1908 Antigono
952 1830 1047 1890 illata.
1085 1830 1165 1889 Nam
1187 1832 1230 1889 ita
1252 1831 1278 1889 si
1301 1851 1348 1890 res
1371 1850 1440 1889 sese

295 1931 437 2004 haberet,
463 1931 554 1989 facile
577 1952 594 1989 a
616 1931 772 1990 Pausania
800 1931 1016 2010 Lysimachum
1044 1953 1112 1991 curn
1133 1932 1253 2011 Pyrrho
1278 1933 1441 1990 confusum

296 2052 362 2092 esse
391 2041 604 2093 statueremus.
639 2033 731 2090 Nunc
759 2052 831 2090 vero
863 2031 1033 2092 Pausanias
1068 2033 1286 2113 Lysimachum
1307 2032 1439 2112 Pyrrho,

296 2154 359 2192 non
381 2132 541 2211 Antigono
565 2133 679 2192 bellum
700 2133 841 2192 intulisse
870 2142 900 2192 et
922 2133 1133 2213 Epirotarum,
1157 2155 1220 2193 non
1236 2134 1440 2195 Macedoniae

296 2255 401 2312 regum
428 2234 570 2314 sepulcra
594 2234 755 2312 diripuisse
783 2243 900 2307 narrat,
931 2237 974 2293 ita
1001 2244 1035 2294 ut
1065 2235 1139 2294 mibi
1167 2235 1291 2315 quidem
1313 2238 1439 2294 nomina

294 2334 353 2392 hoc
374 2335 442 2393 loco
458 2355 477 2393 a
491 2334 647 2393 Pausania
662 2335 789 2394 confusa
812 2355 879 2394 esse
890 2356 998 2414 parum
1012 2337 1176 2395 verisimile
1198 2337 1341 2396 videatur
1356 2357 1438 2412 esse,

295 2437 328 2494 id
350 2437 433 2515 quod
456 2457 491 2496 eo
514 2437 614 2494 minus
637 2437 728 2495 statui
750 2445 865 2515 potest,
890 2438 963 2516 quia
978 2439 1044 2516 ipse
1059 2437 1230 2497 Pausanias
1255 2447 1285 2496 et
1306 2439 1384 2497 hacc
1399 2437 1438 2496 ab

294 2537 486 2618 Hieronymo
503 2537 677 2616 Lysimachi
700 2536 884 2616 obiurgandi
900 2558 991 2598 causa
1005 2540 1075 2598 ficta
1091 2559 1158 2598 esse
1174 2539 1248 2598 dicit
1271 2548 1302 2598 et
1317 2561 1439 2599 causam

295 2640 397 2713 affert,
422 2659 475 2698 cur
497 2639 705 2719 Hieronymus
728 2639 921 2720 Lysimacho'
936 2641 1066 2700 infestus
1089 2642 1191 2700 suerit.

383 2789 502 2868 Quodsi
526 2791 750 2870 Hieronymum
780 2812 887 2851 revera
916 2812 1056 2852 narrasse
1090 2793 1306 2872 Lysimachum
1329 2794 1437 2871 Epiro-

294 2900 393 2951 tarum
415 2912 521 2970 regum
543 2893 683 2969 sepulcra
700 2893 862 2970 diripuisse
877 2894 1052 2966 statuimus,
1077 2913 1150 2952 num
1166 2914 1235 2952 eum
1249 2895 1347 2968 simile
1363 2895 1438 2973 quid

296 2993 334 3053 dc
346 2993 467 3073 Pyrrho
483 2993 647 3051 tradidisse
664 2995 854 3052 statuemus?
877 2995 945 3053 Hoc
962 3015 1018 3072 ego
1034 2996 1086 3053 vix
1101 2995 1302 3073 probaverim,
1320 3004 1350 3054 et
1365 2997 1438 3074 quia

296 3095 518 3172 Hieronymus,
548 3095 575 3152 si
597 3094 728 3153 candem
756 3095 820 3153 fere
844 3115 907 3167 rem
930 3117 948 3154 a
977 3094 1094 3154 duobus
1122 3096 1296 3156 hominibus
1326 3096 1437 3158 sectam

295 3215 361 3254 esse
384 3202 551 3267 narrasset,
576 3197 609 3253 in
632 3195 784 3254 mendacii
801 3197 1006 3274 suspicionem
1021 3198 1206 3268 incurrisset,
1225 3204 1255 3255 et
1270 3197 1343 3275 quia
1357 3197 1436 3256 Pau-

294 3297 397 3354 sanias
420 3316 456 3355 eo
484 3296 566 3369 loco,
591 3315 650 3374 quo
675 3297 713 3357 dc
743 3297 832 3355 rebus
856 3320 874 3357 a
896 3297 1016 3376 Pyrrho
1039 3299 1132 3374 gestis
1155 3299 1233 3376 agit,
1262 3298 1346 3356 illam
1374 3319 1437 3357 rem

278 3403 357 3454 ‘non
380 3405 606 3468 commemorat,
632 3400 771 3475 quamsi
793 3398 876 3476 apud
898 3397 1124 3478 Hieronymum
1146 3400 1331 3473 invenisset,
1355 3409 1438 3458 certe

294 3499 456 3556 attulisset.
486 3498 595 3576 Itaque
618 3517 719 3577 neque
740 3499 912 3558 Diodorum
934 3519 1036 3579 neque
1050 3499 1248 3560 Plutarchum
1270 3522 1337 3560 cum
1360 3501 1438 3560 illud

295 3597 455 3658 Gallorum
466 3599 564 3658 scelus
576 3609 745 3672 narrarent,
764 3601 987 3681 Hieronymum
1001 3610 1073 3662 ante
1087 3603 1190 3662 oculos
1202 3602 1345 3662 habuisse
1357 3605 1436 3662 veri-

294 3700 392 3758 simile
415 3707 477 3775 est3
501 3718 591 3778 quem
613 3721 686 3759 vero
708 3701 766 3762 hac
787 3702 819 3759 in
844 3723 875 3761 re
898 3703 945 3760 illi
966 3704 1064 3762 secuti
1085 3705 1146 3763 sint
1168 3705 1356 3784 scriptorem,
1379 3705 1438 3764 hac

295 3801 334 3860 de
356 3801 537 3879 quaestione
559 3808 665 3878 postca
687 3822 826 3880 agemus,
851 3823 934 3861 nunc
957 3823 1035 3881 quae
1058 3807 1091 3863 in
1114 3806 1237 3885 reliquis
1259 3807 1333 3866 locis
1356 3808 1439 3866 inter

294 3902 465 3961 Diodorum
487 3909 518 3960 et
539 3900 737 3960 Plutarchum
759 3903 930 3962 intercedat
952 3906 1154 3980 necessitudo,
1180 3907 1349 3968 videamus.

378 4001 481 4080 Atque
515 4004 662 4082 imprimis
696 4024 732 4066 ca
759 4004 892 4063 Diodori
923 4005 1098 4083 fragmenta
1131 4016 1203 4065 sunt
1231 4009 1434 4088 respicienda,

294 4102 418 4182 quibus,
452 4103 527 4181 quid
559 4105 591 4162 in
615 4103 719 4163 Sicilia
742 4107 871 4182 gesserit
892 4105 1044 4185 Pyrrhus,
1074 4116 1224 4168 narratur.
1265 4109 1352 4168 Haec
1383 4131 1434 4171 au-

293 4214 355 4264 tem
377 4204 556 4262 Bruechner
589 4213 619 4263 et
642 4205 781 4284 Haugius
805 4227 872 4264 cum
892 4208 1050 4268 Plutarchi
1080 4209 1230 4286 capitibus
1247 4210 1295 4282 22,
1321 4211 1369 4282 23,
1395 4213 1436 4268 24

294 4314 505 4382 comparantes
528 4306 615 4378 inde,
651 4307 734 4383 quod
759 4309 839 4366 inter
866 4309 1036 4369 Diodorum
1069 4319 1099 4368 et
1125 4310 1327 4370 Plutarchum
1349 4312 1436 4372 nulla

294 4414 375 4466 certe
406 4404 578 4464 differentia
615 4416 746 4480 extaret,
786 4409 918 4468 eundem
955 4411 1356 4502 fontempHieronymum,
1395 4411 1435 4470 ab
