3252 5108
672 347 879 411 ...GT-

213 524 321 582 cedere
337 523 595 582 necessitudinem
611 521 684 580 satis
700 530 855 601 appareat,
878 522 911 581 id
926 522 1018 582 velim
1033 523 1220 601 respiciatur,
1237 522 1350 600 pleras-

212 645 273 703 que
306 645 409 682 earum
443 644 558 695 rerum,
592 642 667 700 quas
701 642 793 701 supra
818 644 836 681 a
864 623 996 702 Polybio
1030 644 1093 682 non
1123 622 1351 682 commemorari

214 726 358 798 diximus,
383 726 447 784 eius
475 725 557 784 modi
581 745 660 797 esse,
690 731 723 782 ut
746 744 796 783 eas
819 725 940 784 silentio
963 726 1205 804 praetermittere
1229 722 1349 794 debeat,

212 827 386 904 quicunque
401 826 607 886 Romanorum
630 826 758 902 gloriam
779 826 958 904 praedicare
979 827 1064 886 velit.
1097 824 1351 884 Luculentissime

212 948 284 986 vero
305 927 477 986 Diodorum
499 925 813 1004 Carthaginiensium,
836 927 1001 1008 Polybium
1020 929 1228 988 Romanorum
1249 934 1351 1003 partes

212 1028 352 1106 amplecti
372 1028 454 1088 inde
476 1037 618 1107 apparet,
646 1027 730 1106 quod
757 1049 892 1107 pugnam
920 1029 1003 1087 illam
1031 1029 1173 1088 navalem
1194 1027 1234 1086 ad
1256 1027 1350 1084 Phin-

211 1131 285 1189 tiam
306 1130 413 1190 urbem
435 1131 547 1189 factam
567 1130 774 1189 diversissime
799 1128 985 1190 describunt.

295 1264 450 1323 Diodorus
480 1265 562 1323 enim
589 1265 622 1322 in
639 1264 693 1324 lib.
706 1265 818 1323 XXIV
834 1266 1032 1342 fragmentol
1052 1257 1200 1343 (excerpt.
1217 1265 1351 1324 Hoesch.

211 1387 241 1443 p.
265 1366 444 1443 soe-508)
474 1367 635 1444 sexaginta
663 1375 780 1444 septem
812 1367 1018 1425 Romanorum
1051 1385 1146 1425 naves
1182 1366 1349 1444 depressas,

211 1466 358 1525 tredecim
389 1466 560 1525 confractas
589 1488 655 1526 esse
691 1467 777 1539 dicit,
811 1467 960 1545 Polybius
991 1487 1063 1525 vero
1097 1466 1150 1524 lib.
1174 1466 1190 1525 I
1220 1488 1287 1545 cap.
1311 1469 1368 1530 53.

212 1567 512 1645 Carthaginiensium
541 1568 648 1627 laudes
682 1589 805 1647 prorsus
839 1568 980 1627 obscurat
1018 1588 1153 1646 pugnam
1187 1568 1270 1627 illam
1302 1569 1350 1626 his

210 1669 312 1728 verbis
340 1689 591 1728 commemorans:
621 1665 715 1741 ὀλίγα
743 1669 809 1730 τῶν
824 1667 881 1730 τὰ(
910 1663 1031 1743 ἀγορὰ(
1052 1665 1196 1743 ἐχόντων
1226 1666 1350 1730 πλοίων

211 1765 454 1832 ἀποιπάιαντε(
483 1765 695 1832 ἀπέπλευιαν.

294 1904 403 1983 Neque
437 1906 537 1964 minus
566 1914 671 1984 aperte
703 1906 860 1966 Diodorus
889 1904 1189 1984 Carthaginiensium
1217 1907 1351 1966 studium

212 2027 285 2084 prae
308 2026 340 2065 se
362 2007 423 2064 sert
445 2007 478 2064 in
504 2009 768 2067 commemoranda
795 2029 832 2067 ea
859 2007 962 2078 clade,
987 2027 1077 2085 quam
1106 2007 1253 2067 Claudius
1279 2009 1350 2066 Pul-

212 2107 284 2166 cher
299 2106 338 2166 ad
354 2108 535 2186 Drepanum
557 2111 684 2188 accepit.
715 2109 772 2168 His
796 2109 924 2168 enimin
950 2109 1119 2187 fragmento
1137 2112 1152 2167 1
1170 2109 1223 2168 lib.
1240 2111 1351 2168 XXIV

210 2211 305 2267 utitur
326 2207 443 2269 verbius
483 2207 660 2286 ναυμαχίαν
686 2208 722 2272 δὲ
752 2206 908 2283 καρτερὰν
934 2208 985 2271 καί
1009 2207 1099 2284 νίκην
1127 2207 1350 2287 λαμπροτέραν
1419 2235 1421 2243 ,

212 2306 285 2384 οὐχὶ
316 2307 544 2384 Καρχηδονίοις
579 2307 654 2372 ἀλλ’
690 2308 764 2372 οὐδ’
799 2306 910 2371 ἄλλοι(
945 2307 1095 2385 τοιαύτην
1135 2309 1350 2388 γεγενημένην

212 2407 328 2491 ῥᾳδίως
348 2409 421 2487 περὶ
448 2409 583 2473 τούτου(
604 2411 682 2474 τοὺ(
713 2409 852 2487 χρόνου(
873 2408 980 2473 καὶτὸ
1002 2409 1187 2487 παράδοξον
1209 2409 1244 2473 ἐν
1267 2413 1350 2488 τηλι-

211 2511 318 2592 κούτῳ
351 2509 489 2594 κινδύνῳ
522 2509 619 2575 ὄντα(
647 2510 882 2588 Καρχηδονίου(
912 2511 961 2572 καὶ
993 2511 1071 2588 μετὰ
1090 2514 1176 2574 νεῶν
1208 2510 1284 2575 δέκα
1311 2510 1350 2574 οὐ
1380 2557 1381 2564 ι

212 2612 313 2691 μόνον
340 2610 478 2693 ἀνῃρέθη
508 2613 565 2691 μὲν
593 2611 715 2691 οὐδείτ,
742 2611 1027 2689 ἐτραυματίιθηταν
1049 2612 1084 2674 δ’
1109 2609 1220 2686 ὀλίγοι.
1263 2615 1351 2692 Quae

211 2714 306 2776 verba
328 2736 512 2794 quamquam
534 2724 677 2793 corrupta
696 2724 786 2791 sunt,
816 2723 918 2774 tamen
942 2735 980 2773 ex
1002 2715 1039 2772 iis
1062 2717 1256 2794 cognoscitur
1276 2717 1350 2774 Dio·

212 2819 319 2878 dorum
342 2816 491 2876 eiusmodi
512 2816 689 2894 scriptorem
705 2817 907 2894 excerpsisse,
936 2816 989 2894 qui
1011 2837 1059 2875 res
1075 2837 1093 2874 a
1116 2816 1351 2896 Carthaginien-

211 2918 294 2978 sibus
326 2939 437 2996 maguo
470 2938 537 2976 cum
568 2917 670 2976 studio
703 2927 795 2996 atque
826 2938 927 2976 amore
959 2918 1173 2996 descripserit,
1207 2919 1239 2977 id
1268 2919 1352 2997 quod

212 3021 322 3078 clarius
339 3020 430 3079 etiam
453 3018 628 3098 apparebit,
654 3021 679 3078 si
703 3039 739 3078 ea
762 3039 841 3097 quae
856 3018 1006 3098 Polybius
1023 3019 1081 3078 hac
1097 3020 1135 3079 de
1158 3021 1350 3093 retradidit,

212 3122 386 3198 legerimus.
421 3122 451 3179 Is
481 3121 563 3180 enirn
586 3121 639 3180 lib.
663 3121 679 3179 Ι
702 3141 770 3199 cap.
794 3121 845 3179 51.
863 3121 931 3192 123,
950 3141 1022 3191 non,
1043 3129 1076 3179 ut
1090 3121 1245 3180 Diodorus
1267 3122 1350 3194 dicit,

213 3225 274 3282 210
296 3223 503 3282 Romanorum
524 3243 618 3280 naves
643 3222 719 3282 duce
741 3205 872 3280 Claudio
894 3220 1027 3279 Pulchro
1056 3241 1191 3300 pugnam
1219 3223 1259 3282 ad
1274 3224 1350 3282 Dre-

212 3344 326 3402 panum
365 3324 547 3382 commisisse
587 3333 691 3382 narrat
729 3342 829 3400 neque
863 3341 1032 3401 perpaucas
1062 3324 1156 3382 fuisse
1193 3322 1351 3402 Carthagi-

212 3426 364 3484 niensium
394 3444 489 3483 naves
514 3431 734 3495 commemorat,
765 3445 833 3482 cum
858 3423 1014 3482 Diodorus
1039 3424 1143 3482 decem
1174 3427 1268 3486 fuisse
1302 3447 1351 3485 ex-

212 3526 326 3585 hibent.

297 3643 373 3721 Quis
389 3653 491 3702 autem
506 3651 552 3702 est
574 3643 626 3702 ille
643 3642 945 3721 Carthaginiensium
958 3643 1197 3704 studiosissimus
1212 3647 1350 3723 scriptor,

212 3763 272 3822 quo
294 3745 449 3826 Diodorus
472 3745 504 3802 in
529 3743 730 3804 describendo
753 3744 833 3804 bello
856 3744 974 3804 Punico
997 3745 1094 3822 primo
1117 3765 1190 3805 usus
1213 3749 1280 3806 est?

296 3862 377 3921 Huic
403 3863 576 3941 quaestioni
604 3873 635 3922 et
664 3863 808 3921 facillime
837 3872 868 3922 et
895 3864 1061 3923 certissime
1087 3863 1349 3941 respondebimus,

211 3965 237 4022 si
271 3984 308 4021 ea
338 3965 575 4042 respexerimus,
613 3984 693 4044 quae
725 3964 874 4044 Polybius
904 3964 958 4024 lib.
987 3965 1003 4022 I
1038 3984 1104 4042 cap.
1129 3966 1167 4022 15
1202 3965 1240 4026 de
1277 3967 1351 4026 Phi·

210 4065 274 4123 lino
312 4064 519 4143 Agrigentino
565 4074 596 4124 et
638 4065 736 4126 Fabio
775 4065 897 4126 Pictore
933 4066 1016 4125 dicit.
1077 4065 1140 4124 Eos
1184 4069 1264 4126 enim
1309 4069 1351 4128 ibi

213 4166 352 4243 exponit,
382 4166 435 4242 qui
459 4164 624 4243 diligenter
647 4175 676 4226 et
704 4168 827 4247 copiose
856 4167 998 4228 debello
1021 4167 1138 4226 Punico
1161 4170 1257 4247 primo
1281 4191 1350 4248 ege·

212 4268 295 4339 rint,
334 4285 401 4324 cum
437 4268 482 4323 ira
518 4274 548 4324 et
577 4268 679 4326 studio
710 4270 890 4347 scripsisse3
929 4268 1059 4328 Fabium
1094 4271 1212 4348 patriae
1249 4292 1351 4330 amore

212 4367 374 4445 deceptum
401 4387 464 4424 non
487 4368 587 4426 omnia
616 4369 660 4426 ita
689 4389 839 4442 narrasse,
873 4372 918 4430 uti
940 4371 1021 4428 facta
1042 4372 1112 4442 sint,
1137 4380 1168 4430 et
1195 4371 1351 4432 Philinum

212 4487 333 4546 quoque
367 4468 460 4526 nimio
492 4466 793 4548 Carthaginiensium
821 4470 923 4531 studio
957 4470 1116 4532 inductum
1144 4471 1227 4532 haud
1257 4475 1351 4538 semel
