3252 5108
661 316 868 382 „23-

282 491 411 552 Accedit
444 491 527 570 quod
560 491 633 570 ipsis
666 491 796 550 Diodori
824 493 926 552 verbis
953 491 1037 552 haud
1064 493 1158 553 semel
1180 492 1336 573 Thucydi-

200 593 272 653 deas
293 613 384 653 voces
407 593 559 652 contineri
580 593 725 663 vidimus,
756 612 835 671 quae
864 594 904 652 ad
931 593 1090 672 Ephorum
1118 595 1231 671 optime
1259 595 1336 654 refe·

198 703 316 753 rantur.
336 694 491 772 'Denique
519 692 551 751 id
579 712 700 772 quoque
729 702 941 772 argumentum
968 695 1091 755 videtur
1117 715 1184 755 esse
1206 696 1336 756 afferen-

199 795 270 852 dum
303 795 387 873 quod
413 794 502 854 Aem.
531 794 661 853 Mueller
693 795 726 853 in
754 795 968 854 dissertatione
982 791 1008 872 ⁴)
1044 815 1095 868 ea,
1125 815 1204 874 quae
1232 796 1336 855 inscri-

197 895 288 955 bitur.
325 895 413 968 „Der
434 894 635 954 Kimonisohe
661 895 810 968 Friede“,
839 897 872 954 in
893 897 1027 955 medium
1047 897 1188 975 protulit,
1216 898 1278 976 qui,
1302 905 1336 957 ut

196 996 267 1054 libri
284 996 392 1056 decimi
408 997 492 1056 tertii
504 1005 596 1075 caput
610 996 786 1055 vicesimum
801 999 942 1075 quintum
958 997 997 1056 ad
1009 997 1167 1076 Ephorum
1181 1000 1337 1078 pertinere

197 1098 353 1176 probaret,
384 1099 501 1158 hiatum
528 1118 639 1176 magna
667 1118 735 1157 cum
762 1099 970 1158 sollicitudine
998 1119 1016 1156 a
1044 1099 1181 1158 Diodoro
1208 1101 1337 1159 vitatum

199 1219 265 1258 csse
288 1195 468 1276 ostenditl).

204 1343 205 1348 κ
280 1301 384 1360 Pauca
406 1301 497 1360 etiam
519 1308 636 1360 restant
668 1300 706 1359 de
734 1321 771 1360 ea
792 1302 925 1374 ratione,
956 1321 1035 1379 quae
1062 1302 1144 1360 inter
1166 1301 1336 1361 Diodorum

197 1412 289 1481 atque
312 1402 528 1482 Thucydidem
551 1399 730 1473 intercedit,
760 1402 900 1462 dicenda.
937 1402 1041 1481 Atque
1064 1403 1096 1462 in
1119 1403 1220 1482 capite
1242 1404 1334 1482 trige-

195 1505 270 1562 simo
305 1513 413 1581 quarto
443 1503 739 1582 quadringentorum
771 1505 980 1581 magistratum
1008 1505 1182 1563 institutum
1211 1523 1277 1564 esse
1305 1514 1336 1563 et

194 1604 434 1664 Atheniensium
462 1604 589 1664 classem
617 1603 657 1663 ad
686 1601 823 1683 Oropum
846 1613 951 1663 contra
973 1605 1234 1664 Lacedaemonios
1256 1605 1335 1663 male

196 1726 258 1764 rem
292 1707 421 1784 gessisse
456 1713 611 1782 narratur3
639 1703 717 1763 haec
742 1712 844 1764 antem
873 1705 943 1764 ideo
974 1705 1013 1763 ad
1044 1705 1260 1786 Thucydidem
1290 1727 1334 1764 re-

196 1806 269 1865 ferri
300 1815 472 1886 nequeunt,
507 1807 590 1885 quod
617 1805 773 1866 Diodorus
800 1807 882 1865 inter
902 1805 1141 1866 Atheniensium
1170 1806 1262 1866 duces
1291 1808 1334 1866 di·

195 1909 347 1967 scordiam
374 1908 467 1967 fuisse
501 1916 727 1979 commemorat,
757 1926 849 1985 quam
882 1927 944 1966 rem
967 1907 1168 1987 Thucydides
1198 1909 1229 1966 in
1263 1907 1335 1968 lihri

196 2009 296 2067 octavi
332 2009 433 2086 capite
463 2009 662 2086 nonagesimo
699 2008 807 2085 quinto
845 2027 908 2066 non
945 2008 1041 2069 affert.
1094 2007 1197 2086 Quum
1234 2019 1336 2069 autem

195 2106 273 2168 haec
301 2109 468 2168 arctissime
498 2127 566 2168 cum
588 2109 638 2182 iis,
669 2127 748 2187 quae
771 2109 928 2168 Diodorus
952 2109 990 2168 de
1013 2108 1103 2168 rebus
1126 2109 1236 2169 Siculis
1265 2132 1333 2170 nar-

196 2218 256 2282 rat,
282 2210 481 2283 cohaereant,
511 2210 669 2289 Ephorum
690 2209 748 2269 hoc
769 2229 891 2289 quoque
909 2211 977 2269 loco
998 2210 1169 2269 adhibitum
1191 2231 1257 2270 esse
1280 2232 1334 2290 pu-

195 2310 338 2370 tabimus.

279 2412 322 2470 At
344 2433 416 2472 vero
440 2413 541 2491 capite
556 2413 712 2492 trigesimo
728 2421 814 2472 sexto
830 2413 953 2485 iterum,
978 2413 1117 2490 pluribus
1132 2433 1207 2474 sane
1222 2414 1333 2489 verbis,

194 2533 340 2573 summam
367 2515 539 2592 potentiam
567 2514 802 2593 quadringentis
829 2515 903 2572 viris
930 2514 1075 2574 traditam
1104 2523 1135 2572 ct
1162 2513 1333 2574 Athenien-

195 2616 272 2674 sium
295 2614 421 2674 classem
444 2615 484 2674 ad
507 2613 644 2694 Oropum
667 2615 804 2692 fugatam
827 2634 893 2673 esse
915 2624 1067 2674 narratur.

280 2715 368 2794 Quae
390 2718 532 2794 repetitio
555 2716 708 2795 quomodo
725 2715 909 2793 explicanda
931 2716 971 2773 sit
985 2734 1137 2793 quaerens
1159 2717 1227 2794 quis
1244 2719 1334 2777 facile

195 2819 226 2876 in
250 2838 317 2877 eam
339 2823 524 2878 sententiam
545 2817 682 2889 inclinet,
706 2817 752 2875 uti
774 2816 867 2875 aliurn
881 2815 932 2874 hic
954 2816 1048 2875 alium
1070 2816 1133 2876 illic
1155 2840 1174 2877 a
1195 2819 1334 2879 Diodoro

194 2918 366 2978 adhibitum
389 2938 455 2978 esse
478 2905 656 2996 scriptorem
677 2925 774 2996 putet.
804 2916 847 2976 At
870 2916 908 2976 de
931 2936 1064 2995 quonam
1086 2928 1209 2996 praeter
1230 2921 1333 2998 Epho-

194 3041 261 3080 rum
283 3020 411 3099 cogitari
432 3028 534 3098 potest
561 3039 662 3080 rerum
695 3018 866 3098 scriptore?
895 3018 946 3078 An
972 3019 1196 3098 Theopompo?
1233 3020 1276 3080 At
1302 3023 1334 3080 id

195 3121 269 3180 mihi
291 3121 416 3200 quidem
438 3141 545 3200 parum
567 3122 771 3181 videturesse
793 3119 969 3180 verisimile.

278 3222 358 3281 Nam
379 3223 509 3301 primurn
531 3223 564 3282 id
586 3223 780 3302 Theopompi
803 3241 893 3300 opus,
919 3241 957 3280 ex
979 3240 1039 3299 quo
1061 3220 1138 3280 haec
1161 3243 1180 3282 a
1194 3222 1332 3283 Diodoro

194 3323 291 3401 petita
313 3343 379 3382 esse
402 3325 553 3404 quispiam
568 3333 656 3405 putet
676 3323 845 3384 hellenicas
866 3322 1022 3394 historias,
1046 3342 1109 3381 non
1132 3346 1150 3383 a
1171 3324 1232 3384 fine
1248 3325 1332 3385 Sicu·

194 3424 242 3483 lae
265 3425 471 3503 expeditionis
492 3425 548 3486 sed
570 3446 589 3484 a
610 3445 715 3504 pugna
743 3425 783 3484 ad
807 3423 926 3483 Sestum
954 3424 1035 3483 facta
1062 3425 1213 3502 incepisse
1237 3447 1275 3484 ex
1297 3429 1333 3485 iis

195 3526 418 3604 cognoscimus,
443 3546 522 3605 quae
537 3527 692 3586 Diodorus
707 3527 739 3585 in
761 3525 861 3604 capite
877 3525 1109 3603 quadragesimo
1132 3525 1228 3584 altero
1246 3527 1332 3586 dicit:

194 3628 259 3688 τῶν
275 3624 486 3704 ευγγραφέων
503 3624 700 3703 Θουκυδίδῃ(
714 3625 771 3702 τήν
787 3621 927 3700 ἱετορίαν
943 3622 1147 3701 κατέετρεψε·
1170 3622 1332 3704 Ξενοφῶν

195 3727 230 3789 δὲ
246 3727 297 3790 καὶ
312 3725 520 3804 Θεόπομπος,
543 3726 606 3806 ἀφ’
626 3724 673 3791 ὡν
689 3725 825 3790 ἀπέλιπε
842 3723 1053 3808 Θουκυδίδης,
1075 3724 1132 3802 τὴν
1154 3724 1255 3805 ἀρχὴν
1277 3746 1332 3790 πε-

195 3827 350 3907 ποίηνται.
390 3858 392 3863 ·

278 3933 402 3992 Deinde
425 3942 527 3994 autem
548 3932 625 3993 haec
647 3952 769 4011 quoque
792 3932 1006 4010 respiciantur.

261 4205 288 4262 4)
307 4215 468 4266 programm.
487 4214 576 4263 gymn.
596 4201 796 4265 Freibsrgensis
816 4201 889 4251 1866.
900 4214 968 4265 pag.
986 4201 1010 4249 8.

262 4291 287 4347 5)
307 4285 480 4336 Christianus
504 4299 609 4349 quoque
627 4284 814 4350 Volquardsen
836 4300 876 4349 ea,
896 4300 963 4348 qnae
980 4283 1116 4335 Diodorus
1138 4284 1170 4333 dc
1187 4285 1332 4335 Athenien·

194 4372 263 4421 sium
287 4373 315 4420 in
335 4370 455 4421 Siciliam
476 4369 645 4434 expeditione
668 4370 796 4433 narravit,
819 4385 850 4418 ex
869 4369 978 4434 Ephoro
996 4369 1117 4419 desumta
1144 4385 1201 4419 csse
1227 4371 1332 4433 statuit,

194 4457 302 4506 minime
320 4471 383 4506 vero
402 4454 596 4504 demonstravit
615 4471 639 4520 p.
661 4457 715 4503 103.
