3252 5108
680 330 889 393 -31-

573 503 712 563 Tiberin.
737 503 812 563 silv,
935 508 953 563 8

574 603 730 683 Aprippas
913 607 951 664 41

574 704 738 764 Aremulus
915 708 953 766 19

572 806 725 866 Aventius
783 842 786 850 ,
914 810 953 866 37

572 907 685 966 Procas
709 907 784 967 silv.
914 911 953 967 23

572 1009 712 1068 Amulius
914 1011 953 1067 42

303 1142 467 1201 Praeterea
489 1151 590 1201 autern
613 1143 798 1224 Dionysius,
828 1165 1012 1222 quamquam
1039 1145 1106 1221 ipse
1136 1145 1167 1202 in
1197 1144 1296 1220 eapite
1320 1145 1357 1200 71

219 1245 353 1302 Romam
379 1264 460 1302 anno
488 1243 527 1302 ab
561 1244 618 1302 Ilio
653 1253 741 1324 capto
765 1245 827 1303 432
861 1246 1016 1305 conditam
1049 1265 1116 1304 esse
1146 1245 1233 1314 dicit,
1265 1265 1359 1302 unum

218 1345 384 1408 Numitoris
407 1365 523 1404 annum
546 1345 673 1418 adiecit,
692 1348 777 1424 quasi
795 1347 892 1406 Roma
914 1366 976 1405 non
993 1346 1064 1418 432,
1088 1345 1144 1404 sed
1159 1346 1221 1403 433
1245 1344 1283 1404 ab
1300 1345 1358 1403 Ilio

219 1455 307 1524 capto
331 1467 412 1504 anno
436 1447 561 1505 condita
585 1455 675 1505 esset.
716 1515 718 1518 Ι

304 1547 521 1606 Mommsenius
538 1555 639 1606 autem
654 1548 748 1606 alium
764 1548 856 1606 etiam
871 1549 904 1605 in
920 1547 973 1605 illo
990 1547 1130 1624 catalogo
1147 1547 1359 1624 componendo

221 1650 403 1708 commisisse
416 1668 549 1708 errorem
560 1649 746 1728 Dionysium
761 1650 794 1706 in
810 1648 1012 1708 adnotatione
1029 1649 1090 1706 312
1109 1648 1225 1724 iniuria¹
1243 1649 1359 1706 statuit.

221 1751 267 1809 lbi
291 1751 372 1808 enirn
395 1770 499 1808 eorum
527 1769 735 1822 numerorum,
760 1769 836 1828 quos
858 1749 1029 1829 Dionysius
1054 1748 1190 1820 exhibet,
1214 1768 1360 1807 summam

219 1873 286 1911 esse
310 1851 384 1910 dicit
406 1853 482 1922 433,
507 1870 598 1929 quem
620 1871 780 1908 numerum
802 1852 845 1908 ita
861 1850 1078 1928 explicandum
1101 1869 1166 1908 esse
1190 1859 1303 1922 censet,
1328 1859 1361 1908 ut

220 1953 406 2030 Dionysium
428 1952 520 2009 talem
542 1949 733 2009 Albanorum
760 1971 866 2027 regum
890 1950 1023 2008 indicem
1051 1952 1221 2028 respexisse
1244 1958 1357 2009 statua·

220 2073 299 2124 mus,
324 2053 356 2109 in
379 2071 439 2129 quo
462 2051 558 2110 altero
581 2051 730 2129 septimae
751 2050 936 2129 olympiadis
958 2071 1040 2109 anno
1056 2051 1184 2109 Romam
1206 2051 1360 2110 conditam

221 2174 287 2212 esse
311 2153 425 2211 dietum
447 2151 578 2229 ideoque
601 2150 639 2210 ab
663 2150 721 2209 Ilio
749 2159 838 2228 capto
867 2170 964 2229 usque
994 2150 1034 2209 ad
1055 2151 1183 2210 Romam
1206 2151 1360 2210 conditam
1402 2143 1415 2161 '

219 2255 280 2312 432
294 2253 369 2313 anni
392 2253 543 2312 numerati
566 2252 690 2311 fuerint.
720 2253 769 2310 Ex
790 2253 837 2310 his
853 2260 955 2310 autem
976 2252 1037 2310 432
1059 2252 1149 2311 annis
1163 2251 1357 2332 Dionysium,

219 2373 401 2432 quamquam
429 2373 522 2412 unum
552 2339 869 2425 omitteredebuerit,
899 2354 971 2431 quia
1000 2374 1063 2411 non
1086 2353 1126 2412 ad
1154 2354 1282 2414 alterum
1304 2355 1359 2413 sed

219 2456 259 2514 ad
287 2456 416 2533 primum
443 2455 590 2531 septimae
619 2454 803 2534 olympiadis
837 2474 952 2513 annum
986 2455 1219 2533 computaverit,
1256 2463 1358 2514 tamen

219 2578 281 2615 non
309 2556 407 2615 solum
433 2555 551 2615 nullum
580 2556 729 2628 omisisse,
764 2556 820 2615 sod
854 2557 945 2614 etiam
980 2555 1107 2633 insuper
1134 2554 1219 2613 illum
1253 2555 1358 2614 Numi·

217 2659 291 2716 toris
321 2678 437 2716 annum
472 2655 622 2715 adiecisse
658 2657 785 2733 exponit
814 2650 1095 2731 Mommsenius¹⁴).
1140 2656 1358 2716 Verumtamen

217 2759 363 2838 Dionysii
392 2777 587 2816 numerorum
614 2756 720 2815 addito
754 2756 807 2814 illo
836 2756 1004 2814 Numitoris
1038 2776 1120 2815 anno
1147 2776 1263 2816 summa
1293 2779 1355 2817 non

217 2861 288 2931 433,
312 2859 367 2918 sed
387 2859 450 2916 432
475 2858 550 2917 anni
563 2865 654 2926 sunt,

303 2959 446 3020 Ceterum
468 2978 525 3037 ego
548 2957 630 3016 huno
652 2958 844 3018 Mommsenii
871 2959 903 3017 in
927 2959 1131 3037 computando
1154 2981 1286 3020 errorem
1309 2983 1356 3021 ae·

218 3063 350 3121 curatius
371 3061 514 3132 tractavi,
544 3060 616 3137 quia
644 3059 693 3118 hio
720 3060 804 3119 locus
832 3081 894 3118 non
923 3061 1039 3120 minimi
1069 3069 1114 3118 est
1141 3063 1286 3120 momenti
1316 3063 1356 3120 ad

219 3164 420 3224 decidendam
443 3184 510 3222 eam
533 3162 757 3240 quaestionem,
781 3160 865 3220 unde
887 3162 953 3239 ipse
975 3161 1146 3239 Dionysius
1169 3161 1255 3219 illum
1277 3163 1355 3221 indi-

117 3307 126 3314 ·
218 3286 282 3323 uem
297 3265 457 3343 petiverit,
482 3283 544 3340 qua
567 3261 606 3320 de
628 3283 660 3320 re
684 3271 791 3340 postea
813 3281 948 3339 agemus.

301 3365 391 3424 Nune
406 3384 478 3422 vero
495 3363 535 3421 ad
549 3363 718 3422 Eusebium
735 3362 904 3421 redeamus.
935 3360 966 3420 Is
983 3362 1073 3434 enim,
1092 3363 1140 3421 eui
1153 3383 1192 3422 ex
1206 3365 1265 3423 431
1281 3365 1353 3422 Dio-

217 3468 299 3546 nysii
321 3466 467 3524 annis-
483 3485 554 3524 narn
569 3464 653 3522 illum
669 3464 837 3522 Numitoris
859 3483 974 3522 annum
997 3472 1078 3522 reete
1095 3463 1237 3540 ,neglexit
1259 3466 1354 3522 Euse-

216 3567 283 3626 bius
304 3599 345 3607 -
367 3576 428 3625 tres
461 3565 536 3624 anni
564 3565 724 3624 omittendi
747 3574 842 3637 erant,
866 3566 899 3623 in
922 3553 1200 3644 priore'eanonum
1227 3566 1354 3625 chrono-

216 3671 382 3746 logioornm
396 3667 475 3726 libro
490 3667 573 3725 huno
587 3666 779 3725 Albanorum
794 3686 899 3744 regum
921 3666 1054 3724 indicem
1077 3660 1258 3744 exhibet¹⁵).

568 3800 692 3861 Aeneas
980 3803 998 3860 6

568 3902 719 3962 Ascanius
900 3951 902 3956 .
959 3904 998 3961 38

569 4004 683 4064 Silvius
705 4002 829 4064 Aeneas
958 4005 997 4062 28

567 4105 692 4165 Aeneas
716 4105 829 4165 Silvius
958 4108 995 4163 31

214 4276 415 4285 -...-.--.-

283 4373 325 4440 14)
342 4372 463 4424 chronol.
481 4389 547 4421 rom.
565 4389 590 4437 p.
610 4373 657 4422 159
675 4372 736 4422 adn.
754 4375 811 4424 312.

284 4457 325 4522 15)
344 4457 457 4508 Zohrab.
476 4472 537 4522 pag.
557 4459 607 4507 213
625 4461 651 4505 et
669 4460 727 4506 214.
