3236 5116
252 472 407 532 narrando
436 473 478 532 ita
500 471 717 552 Thucydidem
739 490 805 529 esse
828 478 977 541 secutum,
1008 477 1042 528 ut
1068 467 1119 528 vel
1149 467 1243 527 verba
1271 467 1335 526 eius
1358 467 1391 524 in

252 595 339 633 suam
360 575 568 634 narrationem
597 565 761 652 reciperet,
792 579 874 630 recte
902 571 977 629 mihi
1004 570 1112 629 videor
1133 570 1190 628 hac
1213 569 1310 647 prima
1333 567 1389 626 dis·

252 675 428 736 sertationis
450 695 536 734 meae
564 682 651 751 parte
675 693 741 732 esse
765 673 1036 732 demonstraturus,
1425 751 1429 755 ι

337 775 492 834 Diodorus
516 776 598 834 enim
621 774 740 833 Siculus
762 773 849 831 libris
872 772 938 830 XII
954 781 984 832 et
999 771 1088 829 XIII‘
1105 771 1218 830 bellum
1240 770 1391 849 Pelopon·

252 878 407 935 nesiacum
430 877 472 936 ita
496 875 655 948 describit,
680 883 727 947 ut,
752 893 936 954 quamquam
961 873 1141 952 plerumque
1163 875 1244 932 inter
1270 892 1339 930 eum
1362 879 1392 929 et

149 1023 157 1030 .
251 977 467 1056 Thucydidem
482 998 594 1055 magna
611 985 641 1036 et
652 997 753 1036 rerum
769 984 799 1035 et
810 974 973 1034 verborum
994 983 1078 1034 extat
1094 973 1270 1044 similitudo,
1290 980 1392 1030 tamen

252 1099 315 1137 non
339 1098 377 1138 ex
398 1079 465 1156 ipso
488 1078 689 1158 Thucydide,
714 1077 768 1136 sed
786 1097 824 1134 ex
840 1076 900 1134 alio
916 1077 1064 1152 scriptore
1080 1076 1156 1134 haee
1173 1075 1311 1133 desumta
1327 1094 1393 1133 esse

252 1187 400 1258 appareat
410 1174 442 1256 ¹).
467 1179 570 1258 Atque
582 1179 713 1257 primum
730 1176 855 1256 quidem
866 1176 1022 1234 Diodorus
1033 1176 1055 1233 l.
1068 1175 1133 1233 XII
1150 1156 1299 1254 capitibus
1314 1177 1352 1234 38
1364 1184 1394 1234 et

252 1283 301 1354 39,
319 1282 372 1359 qui
388 1281 503 1339 factum
518 1281 571 1352 sit,
596 1288 630 1338 ut
645 1279 760 1338 bellum
774 1280 855 1337 inter
864 1277 1125 1337 Lacedaemonios
1142 1286 1171 1336 et
1186 1277 1393 1336 Athenienses

253 1390 442 1453 exoneretur,
474 1357 637 1459 quaerens·
648 1379 820 1440 Alcibiadis
849 1380 936 1458 pueri
965 1380 1023 1438 isto
1053 1379 1180 1438 consilio
1210 1387 1240 1437 et
1262 1379 1393 1437 Phidiae

253 1491 345 1561 atquc
366 1482 573 1560 Anaxagorae
603 1483 686 1541 exitu
708 1481 859 1540 Periclem
889 1489 1071 1540 commotum
1099 1500 1164 1539 esse
1188 1480 1327 1558 exponit,
1359 1489 1393 1538 ut

253 1586 301 1644 sui
322 1584 466 1643 servandi
490 1605 581 1643 causa
603 1583 718 1642 bellum
741 1583 900 1657 conflaret;
931 1601 1009 1659 quae
1032 1582 1169 1659 ineptiae
1197 1591 1289 1659 atque
1312 1581 1391 1640 calu-

252 1687 353 1745 mniae
369 1685 453 1763 apud
465 1676 682 1764 Thucydidem
697 1704 759 1741 non
776 1683 985 1754 inveniuntur,
999 1683 1113 1761 quippe
1129 1684 1181 1761 qui
1193 1683 1283 1754 solus,
1298 1702 1392 1760 quan-

251 1795 300 1845 tus
324 1795 354 1846 et
376 1787 475 1865 qualis
490 1785 625 1845 Pericles
641 1786 764 1857 fuisset,
788 1793 870 1843 recte
893 1785 1094 1862 perspexerit.
1123 1785 1171 1844 Ea
1194 1805 1265 1843 vero
1288 1785 1391 1856 verba,

252 1888 362 1966 quibus
385 1889 485 1966 capite
508 1887 550 1946 40
579 1886 663 1965 apud
685 1886 857 1945 Diodorum
878 1885 1027 1958 Pericles,
1052 1894 1187 1964 quantae
1215 1887 1277 1945 siut
1298 1886 1392 1945 Athe-

254 1991 395 2049 nensium
418 1988 581 2048 facultates
606 1989 794 2074 demonstrat
816 2007 968 2066 quamque
989 1987 1070 2047 hene
1094 1989 1195 2047 omnia
1218 1987 1258 2046 ad
1280 1987 1395 2047 bellum

201 2104 203 2110 ’
251 2092 313 2150 sint
329 2092 477 2151 instructa
493 2098 585 2168 atque
601 2098 716 2168 parata,
735 2089 888 2148 simillima
904 2097 975 2147 sunt
997 2089 1048 2161 iis,
1075 2108 1153 2167 quae
1170 2089 1253 2166 apud
1268 2089 1390 2170 Thucy-

255 2192 358 2252 didem
379 2193 400 2252 l.
423 2193 457 2251 Π
481 2213 547 2270 cap.
574 2192 611 2250 13
637 2192 846 2252 inveniuntur.

484 2340 605 2404 Thucyd
1074 2341 1185 2391 Diodor.

297 2423 431 2502 Θαρςεῖν
461 2444 495 2488 τε
529 2424 655 2490 ἐκέλευε
688 2425 836 2504 προςιόν-
920 2421 1052 2489 ἐκείνων
1082 2425 1118 2487 δὲ
1161 2423 1268 2490 ὄντων
1309 2425 1394 2504 μυρί-

254 2545 318 2589 των
362 2526 418 2603 μὲν
461 2525 629 2592 ἑξακοςίων
669 2525 837 2591 ταλάντων
866 2547 912 2589 ων
940 2525 1107 2590 ταλάντων
1140 2527 1221 2602 πρὸς
1251 2529 1309 2606 τὴν
1341 2549 1394 2592 κα-

257 2627 301 2690 ὡς
337 2627 390 2690 ἐπὶ
425 2627 462 2691 τὸ
499 2628 585 2690 πολὺ
620 2629 728 2708 φόρου
764 2628 1014 2711 κατ’,ταςκευήν
1061 2631 1126 2692 τῶν
1184 2630 1395 2704 προπυλαίων

255 2727 403 2793 ἐνιαυτὸν
447 2727 512 2794 ἀπὸ
552 2732 618 2795 τῶν
665 2730 835 2810 ςυμμάχων
863 2730 915 2793 καὶ
937 2730 994 2807 τὴν
1014 2729 1187 2794 Ποτιδαίας
1210 2731 1395 2808 πολιορκίαν

256 2826 334 2893 ἄνευ
348 2833 403 2906 τῆς
419 2827 527 2909 ἄλλης,
544 2831 719 2914 προςόδου,
736 2831 835 2914 ὑπαρ-
863 2829 1088 2909 τετρακιςχίλια
1129 2830 1270 2896 τάλαντα
1315 2831 1396 2896 ἀπα-

325 3066 349 3132 1-)
367 3067 440 3118 Huic
458 3068 608 3118 sententiae
620 3068 648 3118 id
665 3068 803 3119 adversari
820 3069 940 3132 videtur,
966 3065 1037 3134 quod
1054 3067 1190 3118 Diodorus
1214 3069 1272 3133 ipse
1290 3069 1396 3133 Thucy·

256 3152 343 3202 didem
361 3153 423 3202 etl.
442 3152 496 3202 XII
514 3168 571 3218 cap.
591 3155 623 3204 37
650 3153 693 3204 his
720 3155 810 3205 verbis
837 3150 1007 3218 Θουκυδίδης
1033 3150 1062 3203 δὲ
1088 3151 1219 3204 ἐντεῦθεν
1245 3151 1396 3218 ἀρξάμενος

257 3236 362 3301 ἔγραψε
375 3235 427 3287 τὸν
447 3235 603 3301 γενόμενον
617 3236 744 3301 πόλεμον
767 3235 923 3304 Ἀθηναίοις
945 3237 990 3289 καί
1003 3235 1229 3300 Λακεδαιμονίοις
1250 3243 1277 3287 et
1300 3237 1318 3286 l.
1331 3238 1398 3287 XIII

257 3338 315 3387 cap.
333 3324 365 3371 42
385 3321 428 3371 his
447 3328 636 3372 commemorat
654 3325 714 3374 τῶν
731 3322 762 3374 δὲ
785 3321 974 3386 ςυγγραφέων
996 3317 1167 3386 Θουκυδίδης
1190 3320 1241 3384 μὲν
1257 3321 1311 3384 τὴν
1328 3319 1397 3372 ἱςτο-

258 3403 322 3470 ρίαν
343 3404 514 3470 κατέςτρεψε
540 3405 701 3470 περιλαβὼν
722 3406 827 3470 χρόνον
853 3405 927 3457 ἐτῶν
954 3403 1037 3457 είκοςι
1063 3406 1109 3457 καί
1130 3405 1209 3457 δυοῖν
1235 3404 1265 3456 ἐν
1286 3403 1397 3468 βιβλίοις

258 3489 335 3542 ὀκτώ
348 3491 426 3542 κ.τ.λ.
447 3491 498 3540 His
516 3505 580 3540 vero
598 3491 689 3541 verbis
707 3491 856 3542 Diodorum
867 3507 894 3542 se
912 3481 1075 3557 Thucydidis
1089 3491 1174 3542 libros
1192 3491 1341 3556 inspexisse
1357 3492 1398 3540 in-

257 3575 346 3626 dicere
363 3577 424 3641 quis
441 3579 482 3628 est
501 3576 548 3641 qui
565 3575 655 3626 dicat?
683 3577 780 3627 Latius
792 3581 881 3626 sutem
892 3580 967 3642 patet
979 3579 1037 3626 tota
1054 3576 1120 3626 haec
1132 3577 1262 3641 quaestio.
1280 3576 1398 3626 Plerum-

259 3676 311 3725 que
327 3662 398 3711 enim
409 3660 545 3711 Diodorus
558 3676 603 3711 eos
623 3661 767 3726 scriptores
785 3661 945 3711 nominatim
956 3656 1036 3710 affert
1049 3662 1096 3726 qui
1113 3660 1145 3710 de
1163 3676 1194 3710 es
1211 3665 1307 3723 aetate,
1320 3677 1399 3726 quam

259 3748 316 3810 ipse
334 3745 473 3809 describit,
496 3748 610 3809 egerunt
628 3743 671 3810 (cf.
694 3745 711 3795 1.
734 3745 786 3809 XI,
806 3748 852 3810 37,
876 3731 941 3808 xii,
966 3748 1010 3808 71,
1029 3745 1109 3808 XIH,
1134 3747 1166 3794 42
1184 3743 1253 3810 etc).
1283 3746 1319 3794 Et
1338 3763 1398 3810 pro-

259 3829 328 3879 fecto
346 3846 363 3879 a
380 3829 500 3880 Diodoro
519 3845 609 3880 omues
627 3845 673 3880 eos
692 3830 849 3895 scriptores,
872 3845 939 3894 quos
962 3830 1002 3879 ita
1019 3829 1153 3892 nominat,
1176 3833 1316 3894 excerptos
1334 3845 1399 3894 esse,

259 3913 383 3980 Heynius
401 3911 551 3978 (comment.
570 3917 638 3978 gott.
656 3914 750 3964 societ.
769 3913 821 3964 rol.
834 3915 859 3963 V
872 3918 899 3964 et
910 3912 973 3979 VII)
992 3913 1156 3963 Niebuhrius
1175 3911 1320 3980 (Vortrci'ye
1338 3916 1400 3966 iiber

260 4003 310 4050 alte
330 3997 487 4070 deschictte)
513 3999 683 4064 Droysenius
702 3997 861 4062 (Gesclrichte
879 4001 924 4048 des
942 3996 1122 4062 Hellenismns)
1140 4001 1302 4061 statuerunt,
1321 4016 1399 4064 quam

261 4083 420 4134 sententiam
437 4097 547 4147 prorsus
565 4083 661 4133 falsam
679 4075 857 4148 esse‘primus
876 4082 962 4132 Cauer
989 4082 1020 4131 de
1042 4081 1109 4132 font.
1131 4082 1165 4133 ad
1186 4083 1286 4147 Agesil.
1304 4084 1398 4134 histor.

263 4168 405 4234 pertinent.
424 4181 484 4232 pag.
503 4170 536 4218 43
558 4172 586 4218 et
608 4168 758 4233 nuperrime
776 4166 949 4218 Christianus
969 4163 1156 4232 Volquardsen
1176 4169 1400 4233 Uutersuchuoyen

263 4254 325 4304 iiber
337 4255 379 4302 die
392 4251 495 4312 erellen
507 4255 555 4304 der
565 4253 662 4318 yriecd.
676 4255 729 4302 und
738 4254 802 4302 sicit.
818 4252 982 4302 Ge-mdirhten
994 4251 1034 4301 bei
1046 4254 1145 4303 Diodor
1157 4253 1230 4301 Buclz
1243 4252 1346 4302 ΧΙ-Χ
1351 4254 1399 4316 VI,

262 4352 284 4386 c.
296 4337 324 4386 11
341 4339 413 4385 recte
430 4335 653 4386 demonstrarunt.
681 4335 805 4386 Ceterum
822 4335 888 4384 haec
899 4335 1053 4386 dissertatio
1070 4336 1124 4385 iam
1137 4336 1237 4400 scripta
1255 4340 1320 4400 erat,
1340 4353 1401 4387 cum

262 4419 471 4488 Volquardsenii
487 4419 585 4470 librum
603 4421 731 4486 cognovi,
751 4421 797 4487 qui
815 4419 906 4471 multis
924 4421 954 4470 in
971 4420 1051 4470 rebus
1069 4433 1172 4469 mecum
1189 4421 1332 4472 consentit.
